2400 3878
535 216 727 280 ..g-

126 355 274 441 Domini,
297 356 449 440 Iacobus,
471 361 686 442 cognomento
709 354 831 423 Iustus.
862 355 959 423 Multi
983 356 1145 443 siquidem

127 444 237 511 Iacobi
265 446 478 527 vocabantur,
505 444 558 510 hic
585 443 624 510 de
653 447 746 511 utero
774 447 888 512 matris
916 450 1047 512 sanctus
1071 447 1148 530 fuit,

127 535 239 599 sinum
268 538 302 600 et
328 534 431 600 sicera
458 554 525 600 non
552 533 650 617 bibit,
678 555 809 599 carnem
836 535 962 600 nullam
992 534 1146 619 comedit,

128 644 297 708 nunquam
326 621 482 689 adtonsus
518 625 568 687 est
596 643 656 688 noc
688 625 805 689 unctus
834 626 885 688 est
914 626 1060 709 ungento
1084 644 1146 690 nec

92 728 208 778 susus
237 710 364 778 balneo.
409 709 495 777 Huic
523 709 584 776 soli
615 711 741 776 licitum
769 717 840 777 arat
871 711 999 798 ingredi
1032 715 1148 777 sancta

130 804 331 883 sanctorum3
355 799 513 885 siquidem
530 799 676 865 restibus
694 800 796 865 laneis
818 822 886 866 non
904 801 1066 883 utebatur,
1091 800 1147 865 sed

129 888 240 973 lineis,
279 889 429 974 solusque
465 887 708 974 ingrediebatur
742 888 778 953 in
808 890 965 974 templum
1003 894 1037 954 et
1073 889 1148 953 fixis

131 977 268 1062 genibus
291 999 351 1062 pro
374 977 495 1062 populo
514 976 756 1062 deprecabatur,
777 977 813 1043 in
830 981 958 1043 tantum
981 981 1019 1043 ut
1042 998 1147 1043 oame-

130 1067 238 1133 lorum
257 1065 411 1131 duritiam
430 1067 569 1132 traxisse
588 1066 656 1131 eius
675 1087 782 1153 genua
801 1066 1027 1133 crederentur'
1055 1064 1150 1132 Dicit

76 1171 113 1221 ro
132 1160 167 1221 et
194 1154 259 1220 alia
286 1155 391 1221 multa
419 1176 502 1240 quae
533 1176 720 1221 enumerare
747 1155 883 1241 longum
911 1159 969 1221 est.
1020 1153 1086 1221 Sed
1115 1158 1148 1219 et

127 1242 320 1327 Iosephus'
309 1265 343 1308 ιιι
367 1244 520 1310 vicesimo
539 1243 622 1309 libro
637 1243 882 1352 Antiquitatum
900 1243 1002 1309 refert
1025 1247 1060 1308 et
1073 1241 1146 1309 Ole-

126 1354 218 1397 mens
249 1333 284 1397 in
317 1333 456 1417 septimo
474 1325 750 1435 ‘iterandorum
783 1335 912 1399 mortuo
945 1331 1057 1418 Festo,
1091 1332 1147 1419 qui

125 1420 279 1487 Iudaeam
302 1421 450 1506 regebat,
472 1421 609 1487 missum
632 1442 703 1486 essa
726 1444 746 1487 a
767 1420 899 1487 Nerone
922 1441 1142 1487 successorem

46 1520 49 1525 '
127 1511 196 1575 eius
219 1509 387 1575 Albinum
432 1509 495 1586 Qui
522 1532 595 1575 cum
622 1508 759 1575 necdum
782 1509 822 1575 ad
846 1509 1047 1595 provinciam
1069 1530 1142 1595 per·

75 1613 109 1664 ιι
128 1599 283 1682 venisset,
315 1598 451 1663 Ananus
483 1597 646 1682 pontifex,
682 1598 870 1664 adulescens
903 1598 1012 1664 Anani
1046 1599 1145 1683 tilius,

129 1685 168 1752 de
203 1707 322 1772 genere
363 1686 556 1753 sacerdotali
600 1690 732 1772 accepta
773 1687 941 1753 occasione
981 1681 1148 1773 ἀναρχίας

127 1776 299 1842 concilium
323 1775 534 1860 congregavit
556 1778 589 1840 et
612 1775 808 1861 compellens
831 1776 962 1860 publice
980 1774 1148 1860 Iacobum,

129 1867 167 1930 ut
183 1861 364 1948 Christum,
382 1863 444 1928 Dei
467 1864 579 1948 tilium,
598 1862 781 1950 denegaret,
800 1864 1076 1930 contradicentem
1099 1864 1145 1930 la-

131 1953 236 2038 pidari
258 1953 362 2018 iussit.
408 1952 470 2029 Qui
492 1952 725 2038 praecipitatus
748 1953 787 2018 de
810 1953 912 2038 pinna
933 1952 1047 2037 templi
1070 1974 1146 2019 con-

76 2040 242 2110 attractis
266 2041 412 2107 cruribus
435 2063 510 2107 cum
528 2040 634 2107 adhuc
653 2042 851 2108 semianimis
869 2042 988 2107 tollens
1011 2040 1053 2107 ad
1076 2063 1145 2107 cae-

131 2129 201 2196 lum
223 2150 339 2196 manus
362 2129 494 2196 diceret:
517 2128 679 2213 ‘Domine
701 2131 831 2217 ignosce
859 2130 919 2214 eis,
947 2130 1034 2215 quod
1058 2131 1145 2195 enim

125 2219 264 2298 faciunt,
286 2217 458 2297 nesciunt,
480 2218 616 2285 fullonis
638 2219 738 2303 fuste,
767 2241 830 2304 quo
862 2220 927 2284 uda
949 2218 1146 2285 vestimenta

126 2307 310 2393 extorqueri
333 2308 453 2393 solent,
475 2308 512 2372 in
530 2308 660 2374 cerebro
677 2329 850 2392 percussus
869 2306 1002 2373 interiit.
1031 2306 1146 2372 Tradit

126 2395 213 2462 idem
235 2394 395 2481 Iosephus
422 2399 534 2462 tantae
562 2417 635 2461 eum
664 2397 848 2462 sanctitatis
875 2396 976 2461 fuisse
1007 2399 1040 2461 et
1063 2396 1145 2462 cole-

74 2501 109 2550 ιι
128 2484 258 2550 britatis
281 2485 317 2550 in
337 2485 472 2571 populo,
496 2488 533 2550 ut
550 2489 682 2570 propter
701 2486 769 2550 eius
787 2507 901 2550 necem
919 2483 1079 2550 creditum
1100 2485 1145 2549 sit

42 2571 45 2575 ’
128 2574 317 2640 subversam
340 2571 613 2658 Hierosolymam.
645 2573 708 2639 Hic
732 2577 782 2639 est
805 2574 845 2638 de
867 2595 932 2659 quo
955 2576 988 2638 et
1012 2577 1142 2658 aposto·

127 2663 180 2728 lus
203 2661 324 2729 Paulus
354 2662 467 2729 scribit
494 2663 535 2728 ad
558 2659 708 2728 Galatas·
736 2662 853 2728 ‘alium
881 2664 938 2728 aut
939 2682 990 2727 em
1014 2666 1144 2747 aposto·

126 2751 235 2818 lorum
261 2750 328 2817 ridi
356 2751 522 2817 neminem
548 2750 612 2817 nisi
639 2751 793 2817 Iacobum
821 2751 887 2816 frat
872 2754 956 2816 trem
983 2749 1145 2904 Domini}

127 2843 161 2906 et
184 2840 406 2926 apostolorum
430 2861 526 2926 super
547 2838 609 2905 hoc
634 2840 778 2908 crebrius
808 2842 882 2905 acta
903 2842 1082 2925 testantur,

72 2945 108 2994 ιο
128 2928 333 3016 evangelium
347 2950 475 3017 quoque
490 2928 576 3015 quod
590 2929 775 3014 appellatur
788 2927 965 2994 secundum
974 2891 1144 2994 Hebraeos

196 3127 266 3176 ιω
281 3118 313 3176 τὸ
333 3122 430 3191 σίκερα
449 3119 523 3190 (alii.
542 3120 668 3184 siceram)
754 3121 819 3176 tin
837 3118 935 3175 Bamb.
954 3121 983 3175 et
1000 3119 1144 3176 Norimb..

124 3197 165 3248 ert
182 3192 275 3259 deest;
294 3190 357 3248 alii.
375 3140 430 3248 ιιιι
489 3190 632 3248 bBamba
650 3191 698 3248 hio
711 3191 811 3248 solitus
824 3193 886 3247 erat
945 3189 1070 3248 10Vat.:
1088 3191 1144 3248 boc

125 3262 203 3320 locor
222 3232 313 3331 ecrit·
332 3262 408 3320 aliter
400 3262 543 3334 ·longnm
561 3265 605 3319 est
669 3268 702 3320 12
712 3261 793 3320 Vat
786 3261 949 3319 ·ἰιοιιιο
940 3279 992 3331 inq
991 3261 1041 3317 uid
1058 3261 1144 3319 Festo

177 3303 853 3399 15Bsmb.etNorrmb·Anianus-Aniani;
871 3331 947 3390 Vst.=
968 3279 1094 3390 Ananias
1109 3364 1144 3374 -

126 3405 221 3532 finoni
298 3409 332 3462 26
351 3405 430 3461 Vnt:
448 3404 477 3460 ιι
496 3404 616 3475 populos
697 3411 732 3461 27
751 3405 786 3461 cf.
806 3373 868 3461 Gei
888 3410 912 3472 1,
931 3409 965 3458 19
1052 3409 1087 3459 29
1105 3402 1144 3458 of.

153 3479 538 3546 οι1,13.22,17.16,13
