2400 3878
558 267 775 333 „18-

159 406 305 473 tissimus
333 408 419 474 vitae
446 408 521 491 fuit3
554 429 648 492 quem
680 430 749 475 non
774 429 928 494 ponerem
955 410 991 475 in
1021 413 1172 498 catalogo

159 499 360 581 sanctorum,
384 497 450 562 nisi
476 518 528 562 me
550 496 625 563 illae
651 497 810 582 epistulae
832 504 1062 585 provocarent,
1093 524 1173 588 quae

158 585 312 672 leguntur
334 607 355 650 a
371 585 519 669 plurimis
537 584 631 651 Pauli
654 585 696 650 ad
715 584 871 652 Senecam
894 591 950 652 aut
969 586 1112 655 Senecae
1135 591 1172 656 al

158 672 305 740 Paulum.
349 672 390 738 In
418 675 550 759 quibus,
579 695 652 739 cum
679 678 765 740 esset
786 672 927 740 Neronis
954 678 1116 763 magister
1143 685 1174 744 et

122 756 244 828 ⁵illius
266 762 421 847 temporis
444 763 698 847 potentissimus,
721 767 834 848 optare
853 785 888 829 se
907 764 987 830 dicit
1009 766 1081 833 eius
1105 788 1175 834 esse

158 851 221 917 loci
253 850 339 935 apud
370 872 460 935 suos,
492 850 583 917 ouius
615 853 659 917 sit
687 850 807 917 Paulus
839 853 925 936 apud
958 850 1173 923 Christianos.

157 939 220 1005 Hic
248 943 323 1004 ante
347 939 514 1005 biennium
542 962 639 1026 quam
661 939 777 1006 Petrus
804 945 838 1004 et
859 940 980 1007 Paulus
1013 945 1174 1031 martyrio

158 1032 402 1114 coronarentur,
425 1052 445 1094 a
467 1027 599 1096 Nerone
622 1028 811 1094 interfectus
835 1033 893 1095 est

554 1210 637 1303 Gap.
660 1209 776 1282 XIII.

104 1349 138 1400 10
244 1348 412 1433 Iosephus,
425 1347 583 1414 Matthiae
597 1349 695 1433 filius,
712 1370 752 1414 ex
765 1347 1004 1435 Hierosolymis
1020 1353 1174 1420 sacerdos

158 1458 177 1501 a
199 1435 402 1521 Vespasiano
426 1441 540 1523 captus
563 1460 637 1504 oum
659 1437 743 1523 Tito,
765 1437 831 1504 filio
855 1438 933 1522 eius,
955 1438 1090 1506 relictus
1114 1447 1173 1509 est.

155 1524 218 1590 Hic
231 1525 371 1591 Romam
388 1527 522 1592 veniens
543 1529 668 1612 septem
686 1527 786 1592 libros
804 1525 949 1593 iudaicae
969 1528 1172 1613 captivitatis

155 1614 403 1698 imperatoribus
422 1616 508 1701 patri
526 1616 657 1702 filioque
677 1612 804 1699 obtulit,
826 1615 881 1700 qui
901 1619 934 1682 et
951 1615 1171 1685 bibliothecae

24 1762 57 1822 Λ
154 1703 302 1786 publicae
325 1704 464 1799 traditae
487 1709 570 1789 sunt,
593 1707 627 1769 ot
650 1704 692 1771 ob
715 1703 838 1789 ingenii
862 1705 1002 1790 gloriam
1026 1709 1171 1774 statuam

103 1804 136 1854 15
156 1813 282 1877 quoque
300 1791 424 1858 Romae
445 1794 571 1858 meruit.
612 1791 749 1877 Scripsit
767 1796 876 1857 autem
899 1797 933 1858 et
951 1793 1033 1860 alios
1053 1796 1172 1882 viginti

154 1882 398 1966 Antiquitatum
411 1881 512 1947 libros
526 1883 567 1946 ab
582 1881 714 1947 exordio
723 1881 836 1946 mundi
850 1902 951 1966 usque
966 1883 1007 1947 ad
1017 1888 1171 1968 quartum

155 1969 315 2035 decimum
337 1969 517 2036 Domitiani
541 1968 690 2036 Caesaris
713 1973 747 2035 et
769 1969 850 2034 duos
872 1965 1092 2055 ἀρχαιότητος
1115 1974 1166 2037 ad·

59 2075 63 2082 ·
153 2080 265 2122 versus
283 2059 467 2142 Appionem
481 2060 729 2144 grammaticum
747 2058 1013 2144 Alexandrinum,
1031 2063 1089 2146 qui
1108 2062 1166 2126 sub

153 2144 302 2232 Caligula
334 2148 461 2232 legatus
496 2148 613 2212 missus
650 2169 689 2211 ex
721 2151 814 2231 parte
845 2147 1016 2233 gentilium
1050 2155 1164 2215 contra

101 2249 135 2299 το
153 2235 324 2301 Philonem
343 2237 441 2301 etiam
463 2235 583 2301 librum
601 2236 870 2320 vituperationem
889 2235 997 2322 gentis
1020 2237 1165 2304 iudaicae

153 2325 372 2389 continentem
401 2325 581 2408 scripserat.
626 2324 721 2390 Alius
745 2346 871 2411 quoque
894 2325 976 2391 liber
999 2327 1084 2410 cius,
1113 2329 1164 2412 qui

152 2412 339 2478 inscribitur
360 2411 435 2498 περὶ
458 2407 704 2499 αὐτοκράτορος
726 2414 900 2498 λογισμοῦ,
921 2412 1015 2479 valde
1035 2415 1165 2502 elegans

151 2499 303 2581 habetur,
330 2501 366 2566 in
389 2523 452 2588 quo
475 2505 508 2567 et
529 2501 819 2568 Macchabaeorum
843 2501 970 2587 digesta
999 2505 1164 2589 martyria.

151 2588 273 2656 Hicin
301 2594 414 2658 octavo
436 2589 681 2676 Antiquitatum
709 2591 792 2657 libro
819 2590 1066 2657 manifestisime
1091 2613 1164 2658 con-

98 2694 132 2742 το
151 2679 261 2744 fitetur
295 2684 430 2765 propter
462 2681 721 2765 magnitudinem
753 2680 919 2765 signorum
953 2677 1119 2746 Christum
1146 2704 1165 2746 a

151 2768 331 2852 pharisaeis
362 2768 566 2834 interfectum
598 2773 631 2834 et
660 2767 840 2834 Iohannem
879 2767 1057 2852 baptistam
1091 2792 1164 2836 vere

150 2857 344 2941 prophetam
378 2856 478 2922 fuisse
515 2860 560 2922 et
588 2861 721 2942 propter
760 2855 1015 2922 interiectionem
1052 2857 1163 2926 Iacobi

152 2945 292 3029 apostoli
320 2944 582 3032 Hierosolymam
614 2944 765 3012 dirutam.
816 2943 954 3030 Scripsit
984 2948 1093 3012 autem
1126 2947 1163 3011 tle

151 3033 293 3101 Domino
316 3034 350 3099 in
372 3033 459 3100 huno
482 3035 626 3100 modum:
651 3033 779 3100 ‘eodem
801 3037 946 3117 tempore
973 3033 1036 3099 suit
1057 3033 1164 3118 Jesus,

97 3135 133 3186 30
153 3123 281 3208 sapiens
304 3123 362 3208 vir,
387 3124 416 3189 si
434 3127 544 3188 tamen
562 3124 667 3189 virum
690 3143 764 3190 eum
783 3127 911 3208 oportet
929 3121 1043 3188 dicere.
1079 3122 1162 3190 Erat

152 3212 237 3279 enim
260 3212 459 3279 mirabilium
477 3215 626 3297 patrator
643 3232 776 3297 operum
795 3213 828 3277 et
846 3209 958 3276 doctor
975 3231 1088 3276 eorum
1109 3213 1162 3298 qui

222 3387 355 3443 asama
370 3389 400 3443 a
414 3385 553 3443 noema:
572 3388 602 3442 a
674 3382 1159 3443 1saama..aaem.au0emn=
1199 3360 1200 3388 ¹

150 3457 254 3527 viginti
277 3459 410 3529 quattuor
487 3464 520 3514 1⁶
542 3457 593 3513 ah:
616 3473 705 3528 uque
727 3455 765 3512 ad
786 3472 889 3511 anunm
965 3461 1000 3510 23
1022 3455 1074 3512 ah:
1098 3461 1160 3513 suut

150 3527 262 3600 digesta
334 3535 368 3583 24
387 3528 496 3586 Bamb.:
515 3529 616 3586 oetam
633 3526 756 3595 ἀοοίοιος
773 3525 914 3586 Noenu:
934 3525 1042 3582 decimo
1061 3529 1160 3585 oetam
