2430 3944
449 221 668 288 ..97..

53 365 104 431 ‘de
123 363 344 432 satisfactione
362 361 603 448 paenitentiae',
621 362 673 428 ‘de
690 362 881 429 remissione
900 360 1063 449 Quinqua-

54 452 219 540 gesimae’,
243 451 293 518 ‘de
315 451 484 518 nocturnis
506 450 733 535 illusionibus’,
757 450 807 517 ‘de
826 472 864 516 eo
884 451 969 537 quod
988 451 1066 517 dicit

56 543 239 628 apostolus:
270 541 348 607 ‘non
380 541 468 608 enim
496 539 582 626 quod
608 539 698 624 volo,
720 539 818 625 facio,
841 539 978 625 bonurn,
1010 540 1065 606 sed

54 632 141 718 quod
158 631 246 716 nolo,
263 630 399 713 malum,
416 629 479 696 hoc
498 627 583 718 ago',
601 627 653 694 ‘de
670 627 946 706 mortificatione’3
970 634 1003 695 et
1026 629 1066 709 ad

54 723 233 786 extremum
255 721 390 805 rogatus
414 716 559 784 elaeone
583 717 822 803 archidiacono,
839 721 954 803 postea
976 717 1066 782 urbis
1103 733 1120 784 o

52 807 178 874 Romae
202 809 361 893 episcopo,
384 807 516 893 scripsit
542 806 713 874 adversum
734 804 923 874 Nestorium
946 804 996 872 ‘de
1018 807 1066 872 in·

53 901 243 962 carnatione
256 895 402 962 Domini’
420 895 523 962 libros
537 893 602 960 VII
625 899 659 961 et
676 897 711 962 in
728 895 781 962 his
800 895 962 962 scribendi
981 894 1068 980 apud

52 985 234 1052 Massiliam
257 988 291 1050 et
312 983 441 1051 vivendi
468 985 565 1050 tinem
587 983 666 1051 fecit
687 983 869 1052 Theodosio
893 989 926 1051 et
948 982 1068 1051 Valen-

51 1073 180 1141 tiniano
203 1073 422 1160 regnantibus.

432 1284 514 1380 Cup.
542 1287 695 1361 LXIII.
1017 1286 1021 1293 ’
1089 1320 1124 1370 1o

144 1445 314 1531 Philippus
337 1444 513 1531 presbyter,
540 1442 684 1528 optimus
713 1443 843 1512 auditor
868 1444 1070 1530 Hieronymi,

53 1538 292 1601 commentatus
323 1533 358 1598 in
381 1532 440 1598 lob
467 1532 568 1598 edidit
595 1553 744 1600 sermone
772 1533 912 1618 simplici
941 1534 1070 1600 librum.

53 1623 136 1709 Legi
165 1623 234 1688 eius
264 1626 297 1688 et
320 1621 509 1688 ‘familiares
530 1620 700 1707 epistulse'
724 1625 757 1689 et
784 1622 878 1688 valde
905 1623 1008 1688 salsas
1037 1627 1070 1688 et

54 1712 196 1779 maxime
219 1711 260 1778 ad
282 1711 484 1796 paupertatis
507 1713 542 1775 et
560 1708 705 1776 dolorum
724 1711 933 1777 tolerantiam
955 1711 1070 1777 exhor-

53 1799 202 1866 tatorias.
247 1799 387 1866 Moritur
408 1798 577 1866 Marciam
599 1802 633 1864 et
654 1798 754 1866 Avito
777 1799 1001 1886 regnantibus.
1091 1817 1123 1866 15

441 2033 524 2124 Gap.
552 2032 697 2105 LXIV.

148 2186 343 2272 Eucherius,
366 2185 593 2274 Lugdunensis
616 2188 770 2256 ecclesiae
792 2190 976 2276 episcopus,
999 2191 1091 2268 scri·¹
1115 2235 1117 2239 ι

56 2277 127 2364 psit
148 2276 189 2343 ad
203 2275 413 2343 Valerianum
436 2277 654 2362 propinquum
679 2275 729 2342 ‘de
753 2281 939 2363 contemptu
961 2277 1074 2344 mundi

58 2369 92 2430 et
110 2364 284 2432 saecularis
303 2363 541 2450 philosophiae'
565 2365 738 2449 epistulam
760 2388 859 2433 unam
878 2365 1073 2435 scholastico

57 2459 93 2519 et
115 2453 303 2519 rationabili
325 2473 482 2520 sermone.
527 2451 690 2520 Disseruit
711 2455 810 2521 etiam
833 2454 874 2521 ad
897 2477 1070 2540 personam
1088 2473 1122 2523 ao

58 2542 216 2627 filiorum,
240 2539 365 2608 Salonii
388 2544 422 2608 et
443 2541 593 2627 Veranii,
615 2547 730 2628 postea
751 2545 992 2631 episcoporum,
1015 2544 1070 2611 ob·

60 2652 156 2696 scura
183 2651 329 2717 quaeque
356 2633 543 2697 sanctarum
570 2633 713 2718 capitula
740 2633 987 2718 scripturarum,
1016 2633 1072 2700 sed

59 2722 94 2785 et
122 2718 225 2786 sancti
248 2717 397 2786 Cassiani
426 2719 584 2805 quaedam
611 2722 766 2806 opuscula
791 2722 860 2789 lato
887 2725 983 2787 tensa
1005 2744 1071 2788 rer·

59 2829 156 2874 mone
180 2811 319 2895 angusto
337 2808 429 2874 verbi
450 2809 615 2875 resolvens
638 2812 769 2876 tramite
791 2811 827 2877 in
845 2832 946 2877 unum
964 2813 1072 2897 coegit

60 2896 212 2962 volumen
239 2897 366 2982 aliaque
393 2900 462 2962 tam
493 2897 719 2964 ecclesiasticis
751 2921 849 2984 quam
880 2900 1069 2966 monasticis
1089 2916 1123 2966 25

60 2985 177 3050 studiis
199 2987 389 3052 necessaria.
434 2984 574 3052 Moritur
595 2986 828 3054 Valentiniano
856 2991 889 3054 et
911 2987 1073 3055 Martiano
1196 3001 1198 3004 ⁴

61 3074 285 3159 regnantibus.

135 3271 149 3320 1
164 3264 245 3321 Bern.
264 3264 355 3322 addit:
376 3266 423 3321 ‘de
441 3266 496 3322 tide
510 3266 656 3324 cenobitae
675 3269 705 3324 et
717 3267 862 3324 eremitac’
933 3268 1076 3326 IBamba

10 3346 16 3401 t
64 3336 226 3405 seribendo;
244 3336 360 3393 Veron:
379 3336 533 3394 scribendis
604 3343 640 3393 24
657 3337 755 3394 Bamb.
775 3341 804 3394 ct
816 3337 913 3396 Rern:
931 3340 1077 3398 revolvens

100 3414 133 3462 ab
154 3405 265 3462 Bamb.:
284 3424 357 3477 quae
375 3410 470 3464 tamen
489 3407 685 3466 ecclesiasticis
703 3411 767 3465 sunt
785 3411 885 3467 studiis
904 3412 1084 3475 necessarie.-x

62 3477 158 3534 Rern:
177 3477 320 3534 volumine
338 3479 398 3536 tam
417 3521 424 3534 .
445 3522 451 3533 „
471 3524 478 3539 .

110 3576 226 3629 Παπαῖος,
241 3578 403 3630 Hieronymus.
876 3575 897 3622 'l
