2400 3878
554 88 769 152 ..66-

155 227 209 293 ‘ad
236 227 448 296 Heliodorum
482 226 758 314 exhortatoriam',
793 228 1054 297 ‘altercationem
1084 231 1170 298 Luci·

155 316 272 381 seriani
291 320 325 381 et
342 316 544 400 Orthodoxi',
562 315 748 383 ‘chronicon
766 317 975 384 omnimodae
992 319 1171 405 historiae’,
1194 356 1198 384 ι

155 403 201 469 ‘in
224 403 395 471 Ieremiam
425 410 459 471 et
481 405 633 471 Ezechiel
656 404 808 471 homilias
831 405 983 492 Origenis
1006 406 1168 492 XXVIII’,

155 514 236 577 quas
260 491 298 558 de
322 515 438 580 graeco
462 494 497 560 in
526 494 664 559 latinum
687 494 784 577 verti,
812 494 868 561 ‘de
891 493 1091 582 Seraphim',
1119 496 1169 561 ‘dc

120 598 137 645 5
157 580 311 666 Osanna',
331 581 381 648 ‘de
399 583 489 668 frugi
507 586 541 647 55
558 581 723 647 luxurioso
746 580 845 668 filiis',
868 582 919 648 ‘de
945 583 1055 649 tribus
1079 607 1168 671 quae

154 671 314 735 stionibus
342 671 424 755 legis
455 670 594 755 veteris’,
620 669 784 736 ‘homilias
806 671 842 737 in
864 668 1037 738 Canticum
1061 672 1165 739 Canti-

153 756 276 822 ccrum'
296 758 386 844 duas,
409 758 576 826 ‘adversus
595 757 803 844 Helvidium’,
825 759 876 824 ‘de
894 758 1020 825 Mariae
1039 760 1165 847 virgini·

32 844 42 864 '
153 850 220 911 tate
239 846 417 933 perpetna',
432 847 472 913 ad
490 846 703 913 Eustochium
724 846 774 912 ‘de
788 846 977 933 virginitate
990 848 1165 930 servanda',

153 935 193 999 ad
220 934 407 1001 Marcellam
442 936 655 1020 epistularum
687 936 806 1001 librum
838 958 953 1021 unum,
985 936 1039 1002 ‘de
1069 940 1163 1004 morte

100 1039 134 1088 10
152 1021 254 1088 filiae'
286 1023 328 1088 ad
358 1023 507 1109 Paulam,
542 1025 578 1088 in
614 1024 786 1109 epistulam
823 1023 918 1090 Pauli
954 1025 996 1090 ad
1038 1024 1163 1103 Galatae

153 1112 459 1179 commentariorum
490 1113 592 1179 libros
625 1118 707 1195 tres,
738 1113 818 1178 item
853 1114 888 1177 in
921 1113 1097 1199 epistulam
1130 1112 1163 1178 ad

152 1199 313 1283 Ephesios
336 1203 645 1268 commentariorum
662 1201 764 1267 libros
782 1205 858 1286 tres,
884 1201 919 1266 in
938 1203 1112 1285 epistulam
1129 1200 1162 1266 ad

151 1287 261 1353 Titum
293 1288 412 1355 librum
443 1312 558 1374 unum,
596 1290 631 1354 in
663 1289 840 1374 epistulam
873 1289 914 1354 ad
945 1289 1162 1356 Philemonem

151 1377 271 1441 librum
293 1399 403 1462 unum,
425 1378 461 1442 in
478 1377 702 1444 Ecclesiasten
724 1379 985 1462 commentarios,
1009 1379 1161 1464 quaestio

100 1479 229 1529 ionum
257 1465 482 1531 hebraicarum
509 1468 544 1531 in
567 1465 722 1532 Genesim
751 1466 872 1532 librum
900 1488 1014 1551 unum,
1043 1467 1160 1534 hebrai·

151 1574 261 1619 eorum
283 1554 452 1620 nominum
474 1555 594 1621 librum
616 1576 731 1638 unum,
762 1553 812 1620 ‘de
836 1554 952 1638 spiritu
976 1561 1093 1623 sancto
1115 1556 1163 1621 Di·

151 1640 261 1726 dymi',
292 1664 388 1727 quem
414 1643 450 1707 in
475 1643 614 1709 latinum
640 1643 808 1724 transtuli,
835 1643 954 1709 librum
983 1666 1102 1730 unum,
1134 1645 1163 1708 in

150 1729 271 1795 Lucam
315 1730 468 1797 homilias
507 1731 656 1817 Origenis
697 1730 852 1815 XXXIX,
889 1732 946 1796 in·
965 1733 1111 1816 psalmos
1146 1753 1163 1796 a

150 1818 403 1906 decimonsque
430 1820 471 1885 ad
497 1818 610 1904 XVH,
638 1820 803 1904 captivum
824 1817 1037 1904 Monachum,
1068 1823 1160 1887 vitan

98 1921 132 1972 5ο
150 1907 238 1972 beati
274 1902 468 1992 Hilarionis3
504 1930 625 1975 novum
662 1911 894 1974 testamentum
937 1929 1051 1994 graece
1093 1908 1161 1975 fidei

149 1995 282 2079 reddidi,
307 1996 521 2081 epistularum
542 2000 649 2069 autem
673 1995 716 2061 ad
732 1995 869 2062 Paulam
893 2001 927 2062 55
944 1997 1160 2077 Eustochium,

151 2085 227 2168 quia
245 2084 377 2150 cottidie
396 2085 589 2170 scribuntur,
612 2085 755 2151 incertus
780 2090 831 2150 est
848 2106 1010 2152 numerus.
1043 2085 1160 2172 Scripsi

149 2176 317 2256 praeterea
342 2174 378 2237 in
400 2173 561 2240 Micheam
590 2173 854 2258 explanationum
880 2174 980 2240 libros
1010 2175 1105 2260 duos,
1132 2175 1160 2239 in

148 2257 258 2326 Naum
276 2260 395 2327 librum
416 2284 525 2348 unum,
548 2262 584 2328 in
602 2262 735 2327 Abacuc
751 2262 854 2328 libros
874 2262 966 2347 duos,
987 2263 1023 2328 in
1042 2261 1160 2351 Sopho·

96 2362 130 2413 55
148 2349 237 2415 niam
260 2348 379 2414 librum
397 2371 507 2435 unum,
529 2350 567 2416 in
585 2351 756 2437 Aggaeum
774 2350 893 2416 librum
912 2373 1021 2435 unum,
1048 2353 1159 2418 multa·

149 2458 210 2521 que
237 2438 303 2504 alia
329 2436 380 2504 ‘de
407 2460 504 2524 opere
532 2437 736 2525 prophetali’,
770 2434 853 2551 qupe
881 2461 968 2504 nunc
998 2439 1103 2507 habeo
1130 2441 1159 2504 in

150 2526 325 2611 manibus>
339 2530 372 2593 55
393 2527 531 2593 necdum
554 2526 684 2612 expleta
706 2450 812 2595 auhtl

220 2705 236 2756 5
262 2701 359 2758 Bamb.
384 2703 439 2757 hoc
465 2701 529 2758 loco
554 2701 646 2757 addit:
676 2701 712 2757 de
741 2703 835 2758 555555
854 2701 996 2758 Matusalae
1022 2703 1159 2758 Abraham

147 2771 355 2828 Melchisedech
428 2779 443 2828 1
462 2773 559 2830 Bamb.
579 2773 712 2828 adversus
729 2771 810 2828 Helu.
829 2789 915 2828 unam
933 2773 1084 2844 epistulam

149 2848 182 2898 10
201 2842 297 2899 Bamh.
317 2845 347 2899 et
364 2843 503 2899 Norimb.:
521 2843 598 2900 filiae
616 2860 681 2900 auae
753 2848 785 2898 11
805 2843 916 2900 Bamb.=
935 2861 952 2900 e
971 2844 1017 2901 ist
1037 2843 1119 2899 Pauli

150 2917 182 2968 12
201 2913 298 2970 Bamh.
318 2913 409 2970 addit:
431 2915 462 2969 in
484 2914 636 2986 epistulam
659 2912 784 2969 eiusdem
808 2915 844 2968 ad
863 2914 944 2970 Timo
978 2931 1041 2970 eum
1061 2915 1158 2970 librum

146 3002 233 3040 nuum
285 2990 317 3040 15
330 2984 456 3042 Norimb.
466 2985 558 3041 addit:
572 2985 607 3042 dc
621 2983 691 3041 locis
704 2984 808 3040 librum
821 3003 908 3040 unum
960 2989 993 3040 18
1009 2984 1157 3056 ‘origenis’

147 3054 226 3111 deest
239 3055 269 3111 in
284 3056 360 3113 Bam.
375 3059 404 3112 et
417 3056 542 3112 Norimb.
594 3062 628 3112 19
646 3056 757 3112 Bamb.=
771 3072 861 3126 usqae
875 3055 912 3111 ad
926 3055 1004 3122 XVI3
1050 3056 1159 3111 Bamb.:

604 3197 964 3254 ,m

246 3215 329 3255 ram.
431 3216 492 3256 :ve
555 3217 604 3255 iux
