2430 3944
487 195 768 260 --59-⁴

81 337 252 423 opuscula,
274 358 357 423 quae
375 336 514 403 necdum
536 335 613 422 legi.
652 334 745 402 Vivit
761 357 863 425 usque
881 337 977 405 bodie
996 289 1102 405 ilecto·

85 426 157 511 pita
178 428 352 493 senectute.

490 569 573 662 Cup.
605 568 703 643 CIX.

164 702 335 793 ⁴Didymus
367 707 608 773 Alexandrinus
648 713 762 794 captus
805 731 825 775 a
861 712 963 794 parva
999 715 1104 776 aetate

87 797 192 863 oculis
222 800 256 862 et
283 797 325 863 ob
352 795 387 861 id
409 797 641 862 elementorum
665 819 792 883 quoque
814 797 948 885 ignarus
975 802 1139 867 tantuma

86 886 278 953 miraculum
297 884 347 950 sui
361 885 512 951 omnibus
525 885 685 970 praebuit,
703 890 741 952 ut
759 886 962 954 dialecticam
976 910 1104 975 quoque

87 979 121 1041 et
143 974 369 1061 geometriam,
397 995 479 1058 quae
502 973 554 1040 vel
576 974 716 1040 maxime
740 975 813 1042 visu
835 976 974 1061 indiget,
1001 977 1104 1062 usquo

86 1064 129 1130 ad
156 1061 333 1148 perlectum
363 1062 518 1128 didicerit
559 1061 623 1128 Hic
650 1063 792 1149 plurima
814 1065 1000 1150 nobiliaque
1028 1087 1104 1132 con·

86 1152 231 1237 scripsitz
248 1150 495 1218 commentarios
508 1151 544 1216 in
556 1151 700 1235 psalmos
714 1173 834 1237 omnes,
854 1155 1103 1221 commentarios

85 1240 122 1395 {i
140 1238 745 1395 tllesslllssltlbttllffil
763 1240 1103 1415 fie‘dlpiiiifflii‘
1123 1260 1156 1309 ¹⁰
1194 1252 1206 1276 ’

674 1378 683 1413 l

84 1417 210 1485 librum
228 1439 338 1500 unum,
355 1439 452 1503 quem
466 1437 527 1502 ego
545 1416 581 1482 in
598 1416 845 1498 latiuumverti,
869 1421 903 1484 ct
915 1421 950 1486 in
967 1418 1102 1486 Elsaiam

85 1510 195 1574 tomos
214 1504 324 1571 decem
343 1511 377 1572 et
395 1510 479 1585 octo,
496 1506 533 1571 in
547 1504 630 1572 Osee
649 1506 690 1571 ad
709 1528 760 1572 me
779 1507 922 1574 scribens
941 1529 1102 1576 commen·

85 1593 246 1662 tariorum
259 1594 363 1660 libr'oa
380 1597 457 1680 tres,
476 1595 556 1659 etin
570 1593 760 1662 Zachariam
780 1617 852 1662 meo
866 1601 983 1683 rogatu
1001 1597 1102 1664 libros

107 1684 230 1768 uinque
257 1687 291 1748 et
314 1683 563 1750 commentarios
590 1684 626 1749 iu
648 1683 708 1749 Iob
731 1688 766 1750 et
793 1685 897 1750 multa
919 1686 998 1768 alia,
1021 1709 1103 1772 quae
1124 1703 1156 1750 rc

111 1772 232 1858 ‘gerere
259 1772 384 1857 proprii
415 1772 528 1858 indicis
562 1776 621 1838 est.
674 1770 767 1839 Vivit
796 1795 898 1859 usque
930 1774 1041 1860 hodie,
1072 1779 1105 1841 et

85 1860 322 1947 octogesimum
339 1862 473 1927 tertium
487 1861 606 1927 aetatis
629 1883 707 1927 suae
729 1863 799 1928 iam.
813 1863 951 1929 excessit
972 1885 1104 1931 anuum.

500 2077 582 2168 Cup.
615 2078 690 2150 CX.

177 2214 315 2302 Optatus
345 2215 440 2300 Afer,
477 2216 647 2301 episcopus
678 2213 903 2300 Milevitanus,
935 2238 974 2283 ex
1010 2222 1103 2302 parte

79 2304 249 2372 catholica
271 2305 403 2390 scripsit
431 2303 492 2369 sub
515 2303 745 2371 Valentiniano
768 2307 802 2370 et
824 2303 964 2372 Valente
986 2306 1103 2390 priuci-
1122 2322 1157 2371 20

82 2394 182 2480 pibus
207 2392 390 2460 ‘adversum
412 2391 619 2459 Donatianae
641 2394 745 2479 partis
772 2393 979 2462 calumniam’
1002 2395 1103 2460 libros
1145 2471 1147 2474 v

82 2505 157 2638 iel,
192 2481 373 2638 intoquibus
401 2482 518 2548 asserit
543 2482 665 2549 crimen
690 2481 952 2551 Donatianorum
979 2483 1015 2548 in
1042 2507 1103 2550 nos

99 2593 120 2636 a
133 2593 168 2639 so
190 2592 225 2637 re
261 2593 379 2658 rquen.

489 2716 572 2808 cap.
604 2716 702 2789 oxu

175 2852 301 2920 Acilius
334 2851 471 2919 Severm
508 2853 543 2917 in
574 2853 750 2940 Hispania,
788 2854 827 2920 de
860 2875 977 2940 genere
1016 2854 1102 2920 illius
1121 2879 1155 2927 aa

84 2941 197 3008 Severi
229 2943 270 3008 ad
293 2963 389 3028 quem
410 2941 572 3008 Lactantii
597 2943 660 3008 duo
683 2944 896 3029 epistularum
918 2943 1103 3009 scribuntur

83 3031 174 3115 libri,
213 3032 396 3117 composuit
433 3031 585 3097 volumen
616 3032 709 3117 quasi
746 3025 965 3116 ὀδοιπορικόν
1001 3030 1103 3097 totius

85 3119 176 3186 vitae
194 3142 271 3186 suae
293 3122 415 3186 statum
434 3119 603 3186 confluens
626 3125 695 3186 tam
713 3143 811 3206 prosa
830 3142 928 3207 quam
946 3121 1102 3205 versibus,

157 3317 176 3366 4
193 3310 303 3368 Bamb.:
327 3327 346 3366 a
362 3327 452 3382 parva
466 3353 472 3367 .
488 3353 516 3368 ..
536 3311 646 3369 amissis
768 3318 783 3368 'l
803 3313 880 3368 Vct:
900 3312 1101 3384 geometricam

84 3382 151 3438 Vat.
172 3384 202 3437 et
219 3381 299 3438 Ber-n.
323 3384 353 3438 et
368 3383 480 3439 Bamb.:
505 3383 634 3452 indigent
727 3390 761 3440 16
779 3384 889 3440 Bamb:
913 3383 1031 3454 diligere

86 3461 120 3509 19
140 3452 219 3509 Vate
238 3453 421 3510 Milebitanus
508 3461 542 3509 25
562 3454 673 3511 Banu:
692 3454 840 3525 Achillan
852 3456 956 3509 Reme,
976 3453 1117 3519 latusim
