2400 3878
539 228 866 308 --42--Ἰ

145 372 200 456 qui
232 392 329 456 super
354 369 466 436 eodem
498 369 619 454 pascha
651 367 760 435 decem
787 372 821 434 et
851 390 969 435 norem
1001 391 1160 438 annorum

145 460 310 543 circulum,
332 458 441 540 idest,
465 456 836 542 trorumrdamecooldoe
854 459 1047 544 composuit,
1071 481 1160 526 occa·

146 551 271 614 sionem
285 547 381 613 dedit.
418 545 553 632 Scripsit
565 547 737 612 nonnullos
755 547 791 612 in
809 546 985 630 scripturas
999 568 1158 615 commen·

145 638 259 718 terior,
296 659 313 701 e
346 636 464 721 quibua
496 636 577 701 haec
607 636 748 720 repperi:
785 635 821 700 in
853 634 1091 722 Hexaemeron,
1127 638 1160 703 in

93 745 110 792 o
147 724 308 810 Exodum,
340 725 375 789 in
407 723 576 790 Canticum
604 721 825 807 Canticorum,
856 723 891 788 in
924 722 1092 810 Genesim,
1127 727 1160 791 in

146 812 348 897 Zachariam,
379 811 419 877 de
446 812 598 895 Psalmis,
630 813 666 878 in
692 811 839 895 Esaiam,
871 812 910 878 do
940 812 1093 898 Daniele,
1124 815 1160 880 de

146 901 356 987 Apocalypsi,
379 900 417 966 do
439 900 634 983 Proverbiis,
657 900 696 966 de
718 899 926 984 Ecclesiaste,
949 902 989 967 de
1012 899 1101 989 Saul,
1122 904 1157 968 de

147 989 329 1076 Pytonissa,
343 989 382 1055 de
392 989 604 1072 Antichristo,
618 989 669 1055 ‘de
683 988 940 1073 resurrectione',
953 993 1070 1056 contra
1078 991 1158 1058 Mar-

147 1080 282 1163 cionem,
306 1077 357 1144 ‘de
378 1077 523 1164 pascha',
545 1078 711 1145 ‘adversus
730 1100 843 1144 omnes
861 1077 1003 1144 hereses’
1017 1083 1051 1144 ot
1068 1100 1159 1165 apoc

95 1185 128 1236 ιο
148 1170 292 1252 opellae,
311 1165 362 1232 ‘de
380 1166 476 1233 laude
495 1166 630 1234 Domini
650 1165 851 1252 Salvatoris',
864 1165 900 1232 in
913 1189 977 1254 qna
991 1173 1158 1253 praesente

147 1256 287 1343 Origene
315 1277 349 1321 se
376 1256 466 1340 loqui
488 1257 523 1320 in
545 1255 681 1321 ecclesia
708 1255 880 1343 significat.
925 1254 1032 1322 Huius
1056 1277 1159 1322 aemu-

147 1346 269 1411 latione
283 1344 485 1428 Ambrcsius,
509 1366 604 1428 quern
623 1342 661 1410 de
675 1343 851 1410 Marcionis
869 1343 978 1410 heresi
996 1345 1038 1410 ad
1053 1367 1160 1411 veram

147 1433 243 1499 fidem
275 1437 454 1500 correctum
486 1432 638 1517 diximus,
673 1432 863 1499 cohortatus
900 1436 951 1498 est
989 1432 1161 1520 Origenem

147 1523 182 1588 in
196 1522 371 1607 scripturas
385 1522 633 1587 commentarios
648 1522 797 1601 scribere,
816 1521 973 1607 praebens
988 1521 1019 1586 ei
1037 1527 1162 1607 septem

96 1627 130 1678 15
148 1615 182 1677 et
205 1632 242 1676 co
261 1611 400 1694 amplius
422 1610 567 1676 notarios
586 1631 760 1696 eorumque
779 1632 937 1695 expansas
960 1614 994 1675 et
1016 1610 1163 1678 librario·

148 1722 221 1765 rum
248 1720 360 1784 parem
382 1720 565 1784 numerum,
593 1698 742 1786 quodque
768 1699 820 1764 his
844 1699 947 1764 maius
965 1702 1033 1783 est,
1062 1701 1164 1766 incre·

149 1789 241 1855 dihili
264 1787 371 1854 studio
395 1787 527 1852 cottidie
546 1788 587 1853 ab
611 1809 649 1853 eo
673 1810 754 1872 opus
772 1789 915 1874 exigens.
956 1786 1051 1854 Unde
1075 1792 1110 1855 et
1132 1789 1166 1854 in

149 1876 290 1963 quadam
312 1876 451 1962 epistula
474 1875 699 1961 ἐργοδιώκτην
716 1898 791 1942 eum
813 1875 971 1963 Origenes
995 1881 1102 1943 vocat.

539 2058 621 2150 Cup.
650 2055 780 2130 LXII.

96 2204 131 2254 20
238 2194 432 2279 Alexander,
454 2195 624 2280 episcopus
647 2192 885 2281 Cappadociae,
907 2217 981 2262 cum
1004 2194 1166 2264 desiderio

151 2287 335 2350 sanctorum
349 2284 494 2350 locorum
503 2282 764 2368 Hierosolymam
773 2287 924 2371 pergeret
938 2287 972 2350 et
984 2283 1167 2368 Narcissus,

151 2371 321 2458 opiscopus
345 2372 488 2438 eiusdem
510 2373 601 2438 urhis
623 2372 690 2438 iarn
713 2393 811 2438 senex
834 2375 962 2458 regeret
985 2373 1168 2456 ecclesiam,

151 2465 184 2527 et
210 2458 363 2527 Narcisso
391 2464 424 2525 et
450 2460 562 2526 multis
589 2460 778 2527 clericorum
806 2460 874 2526 eius
902 2460 1080 2526 revelatum
1109 2465 1169 2546 eat,

154 2550 257 2614 altera
279 2549 331 2613 die
348 2570 444 2614 manc
467 2550 589 2614 intrare
608 2549 804 2635 episcopum,
827 2549 883 2636 qui
906 2549 1035 2615 adiutor
1057 2548 1168 2616 catha

100 2645 135 2697 25
153 2637 229 2704 drae
248 2637 457 2703 sacerdotalis
476 2659 545 2703 esse
569 2636 706 2704 deberet.
746 2637 862 2723 Itaque
879 2659 914 2703 re
936 2638 984 2703 ita
1006 2638 1170 2723 completa

152 2730 190 2791 ut
216 2724 379 2810 praedicta
407 2725 525 2809 fuerat,
557 2727 682 2815 cunctis
709 2724 915 2792 Palaestinae
942 2725 1105 2810 episcopis
1133 2727 1169 2792 in

155 2837 254 2880 unum
277 2814 493 2901 congregatis,
516 2815 685 2880 annitente
708 2814 779 2900 ipso
802 2835 929 2900 quoque
951 2815 1167 2881 vel‘maxime

152 2901 323 2988 Narcisso,
352 2901 670 2989 Hierosolymitanae
697 2903 851 2969 ecclesiae
883 2925 957 2969 cum
985 2923 1024 2969 eo
1052 2903 1169 2989 guber·

152 2992 303 3058 naculum
336 2993 485 3076 suscepit
540 2991 603 3058 Hic
634 2994 670 3058 in
705 2991 768 3057 tine
800 2990 966 3058 cuiusdam
999 2991 1168 3077 epistulae,

100 3094 135 3145 80
153 3103 250 3165 quam
279 3081 392 3146 scribit
418 3080 460 3146 ad
481 3081 670 3148 Antinoites
698 3102 795 3166 super
821 3102 901 3166 pace
923 3079 1086 3160 ecclesiae,
1110 3082 1169 3147 ait:

154 3168 288 3235 ‘salutat
310 3191 368 3235 vos
386 3168 567 3255 Narcissus,
590 3170 646 3256 qui
668 3172 744 3235 ante
767 3190 819 3234 me
836 3169 890 3235 hic
912 3168 1018 3235 tenuit
1040 3169 1167 3255 episco-

153 3259 259 3342 palem
278 3258 385 3325 locum
404 3262 438 3325 ct
459 3281 544 3325 nuno
557 3280 684 3325 mecum
699 3257 835 3324 eundem
854 3256 1057 3324 orationibus
1075 3258 1169 3345 regit,

226 3421 241 3470 ⁷
260 3414 310 3473 at:
329 3416 359 3471 et
431 3420 462 3469 11
479 3413 576 3470 Bamb.
595 3417 624 3472 et
641 3413 780 3471 Norint:
799 3413 829 3469 in
846 3413 929 3470 huius
948 3413 1167 3473 aemulationem

154 3491 189 3542 30
207 3485 284 3543 Vct:
297 3485 475 3554 ,Antionitas3
496 3487 602 3544 bamba
621 3486 824 3542 Antiochenses
