2400 3878
545 130 583 141 ..
632 95 676 160 50
722 129 764 144 ..-

510 257 592 350 cap
620 257 807 330 cxxix.

238 395 404 462 Arncbius
436 395 497 460 sub
520 393 723 475 Diocletiano
754 396 900 482 principe
931 395 1043 464 Siccae
1075 397 1155 482 apud

147 485 291 551 Africam
311 484 538 551 florentissime
556 484 753 551 rhetoricam
771 485 881 552 docuit
899 485 1092 572 scripsitque
1107 486 1155 551 ad·

146 595 259 640 versus
282 577 398 660 gentes
421 573 601 658 volumina,
624 594 706 659 quae
730 574 989 674 vulgoerstant.

109 787 127 835 s
518 772 601 865 cap,
629 771 793 844 cxxx.

237 909 431 996 Firmianus,
454 910 510 995 qui
534 915 568 976 et
591 909 789 992 Lactantius,
811 910 949 976 Arnobii
973 909 1154 996 discipulus,

145 1000 206 1065 sub
227 997 432 1065 Diocletiano
455 999 601 1084 principe
620 1000 742 1064 accitus
766 1021 839 1064 eum
861 998 974 1067 Flavio
999 1020 1153 1085 gramma-
1192 1076 1199 1086 .

145 1088 212 1154 tice
219 1138 228 1171 ,
251 1088 341 1153 cuius
365 1086 416 1152 ‘de
441 1087 698 1153 medicinalibus’
721 1109 816 1152 versu
835 1089 1008 1172 compositi
1032 1092 1155 1154 exstant
1194 1153 1195 1166 ,

62 1249 66 1255 .
145 1177 231 1260 libri,
257 1173 465 1242 Nicomediae
493 1177 688 1242 rhetoricam
711 1176 821 1242 docuit
845 1198 882 1241 ac
905 1177 1042 1261 penuria
1066 1177 1153 1243 disci·
1193 1231 1196 1252 ,

94 1281 128 1332 ro
145 1265 297 1350 pulcrum
324 1264 366 1330 ob
394 1285 543 1351 graecmn
570 1264 720 1330 videlicet
747 1265 913 1330 civitatem
946 1267 987 1332 ad
1018 1267 1154 1332 scriben-
1192 1309 1198 1372 P

145 1353 224 1419 dum
256 1374 290 1418 se
323 1353 470 1418 contulit.
525 1353 691 1419 Habemus
724 1353 792 1418 eius
825 1355 1045 1439 symposium,
1075 1352 1156 1441 quod

144 1440 405 1508 adulescentulus
429 1442 560 1526 scripsit
582 1441 721 1526 Africae,
745 1447 780 1509 ct
802 1436 1023 1527 bdosrroorao'v
1047 1442 1156 1508 Africa

145 1552 247 1615 usque
269 1528 490 1595 Nicomediam
519 1531 717 1596 hexametris
747 1531 904 1616 scriptum
933 1532 1096 1616 versibus,
1128 1537 1158 1596 et

146 1620 245 1684 alium
267 1618 401 1702 librum,
428 1620 484 1705 qui
511 1619 698 1686 inscribitur
721 1618 999 1705 ‘grammaticus',
1027 1624 1062 1686 et
1090 1621 1156 1705 pul·

95 1723 127 1772 rs
147 1707 340 1772 cherrimum
363 1705 419 1772 ‘de
441 1709 491 1772 ira
514 1706 602 1792 Dei',
629 1712 662 1772 et
691 1707 950 1774 ‘institutionum
978 1709 1158 1774 divinarum
1195 1761 1200 1788 ,

146 1795 316 1862 adversum
339 1795 465 1880 gentes'
488 1797 590 1865 libros
615 1801 752 1882 septem,
775 1800 809 1861 et
831 1793 992 1882 triscuria
1015 1797 1156 1863 eiusdem
1195 1851 1200 1879 „

147 1885 269 1971 operis,
290 1884 410 1950 librum
432 1907 532 1950 unum
556 1885 759 1970 acephalum,
774 1909 776 1914 ·
789 1889 821 1950 et
844 1883 897 1952 ‘ad
920 1882 1156 1970 Asclepiaden?
1193 1964 1197 1972 ,

145 1971 249 2041 libros
272 1973 366 2058 duos,
390 1972 441 2038 ‘de
463 1973 699 2059 perseeutione'
722 1973 841 2039 librum
864 1996 982 2059 unum,
1007 1973 1061 2038 ‘ad
1084 1974 1156 2040 Pro-
1192 1995 1199 2062 p

146 2060 237 2128 bum'
260 2061 472 2145 epistularum
496 2062 596 2128 libros
615 2066 776 2147 quattuor,
800 2063 840 2127 ad
859 2063 996 2127 eundern
1020 2060 1072 2128 ‘de
1092 2062 1156 2147 opi·
1193 2091 1200 2147 j

92 2165 128 2216 20
146 2151 220 2216 ficio
243 2149 304 2214 Dei
327 2150 379 2215 vel
401 2149 596 2216 formatione
618 2149 772 2216 hominis'
796 2151 915 2217 librum
938 2173 1048 2218 unum.
1096 2149 1155 2215 Hic

146 2242 289 2304 extrema
298 2239 463 2304 senectute
477 2239 635 2326 magister
644 2239 792 2306 Caesaris
803 2239 919 2323 Crispi,
929 2239 988 2304 filii
997 2239 1155 2306 Constan-

146 2327 217 2410 tiui,
239 2326 274 2391 in
292 2325 402 2392 Gallia
424 2326 495 2412 luit,
518 2328 574 2414 qui
596 2331 710 2413 postea
732 2330 862 2412 epatre
884 2327 1076 2394 interfectus
1100 2331 1154 2391 est

505 2508 586 2599 sap.
615 2508 803 2582 cxxxr.

236 2643 413 2730 Eusebius,
449 2642 625 2711 Caesareae
661 2645 866 2712 Palaestinae
902 2645 1089 2731 episcopus,
1124 2645 1156 2709 in
1197 2675 1200 2682 ·

88 2751 129 2801 *ab
147 2735 316 2820 scripturis
331 2733 450 2800 divinis
468 2733 724 2800 studiosissimus
742 2738 776 2800 et
793 2733 1011 2800 bibliothecae
1030 2733 1157 2800 divinae

146 2841 220 2890 cum
242 2822 424 2908 Pamphylo
452 2827 594 2908 martyre
617 2822 887 2909 diligentissimus
909 2821 1158 2908 pervestigator,

217 3003 233 3052 7
252 2998 364 3053 numu:
382 2997 483 3064 Flar03
502 2995 581 3054 vau:
599 2998 687 3054 Facio
734 3003 767 3052 10
785 2998 896 3054 Bamb.:
910 2997 947 3054 ad
993 3001 1028 3051 12
1046 2996 1159 3054 Bamb:

144 3069 175 3126 in
193 3069 299 3124 scholis
322 3067 433 3138 scripsit
450 3068 563 3123 Africae
626 3068 706 3124 Vstz
730 3069 922 3139 cdoiporieum
991 3066 1106 3126 Banna
1124 3068 1159 3123 de

144 3139 241 3195 Africa
313 3145 346 3193 17
365 3139 475 3194 Baraba
493 3138 523 3194 in
540 3138 613 3195 libro
631 3141 684 3196 etc.
758 3139 977 3195 lavinarium
1058 3137 1157 3195 Bamb.

144 3211 199 3265 boc
217 3210 280 3266 loco
298 3208 390 3264 oddit=
412 3210 453 3264 'ad
472 3209 606 3265 Severum
629 3209 814 3280 epistularum
832 3210 920 3267 libros
938 3209 1024 3276 duos,
1048 3209 1087 3266 ad
1104 3209 1159 3266 De·

144 3279 290 3407 austriam,
308 3280 467 3336 auditorem
485 3298 575 3349 suum,
594 3281 779 3351 epistularum
798 3281 884 3337 libros
902 3280 972 3336 duos
990 3280 1075 3336 etad
1093 3297 1160 3337 eun·

164 3369 208 3408 em
226 3394 235 3408 .
255 3393 288 3407 ..
