2430 3944
456 361 495 373 ..
542 327 585 392 23
634 362 672 374 -

451 470 533 563 Cup
565 471 674 545 XIX.

146 556 338 694 Quadratus,
360 608 582 695 apostolorum
606 610 791 696 discipulus,
814 609 994 694 Publio,A
995 610 1085 675 t·-he

50 720 173 766 narum
195 698 360 783 episcopo,
392 698 435 763 ob
458 696 579 764 Christi
600 698 698 764 fidem
730 699 885 784 martyrio
908 703 1065 765 coronato

53 791 91 855 in
113 789 220 854 locum
239 787 308 852 eius
327 787 535 853 substituitur
557 791 592 852 et
614 788 783 854 ecclesiam
807 786 924 874 grandi
945 790 1068 852 terrore

54 879 236 962 dispersam
271 874 335 940 fide
371 879 405 940 et
440 873 600 940 industria
641 897 700 942 sua
736 879 920 962 congregat
975 873 1069 943 Gum-
1087 896 1104 947 o

54 988 119 1052 qne
155 963 340 1029 Hadrianus
376 964 516 1030 Athenis
557 965 717 1050 exegisset
752 964 939 1032 hiemem
928 964 1069 1031 rnv'isens

57 1053 245 1120 Eleusinum
268 1057 303 1118 et
325 1053 475 1118 omnibus
498 1074 600 1137 paene
623 1052 776 1119 Graeciae
801 1053 901 1119 sacris
924 1053 1070 1121 initiatus

55 1143 198 1208 dedisset
226 1142 428 1208 occasionem
450 1142 501 1207 his
525 1143 581 1227 qui
604 1140 810 1208 Christianos
834 1141 970 1208 oderant
998 1144 1070 1208 abs·
1102 1144 1104 1148 ‘

59 1252 119 1315 que
147 1233 319 1316 praecepto
346 1229 553 1314 imperatoris
580 1251 697 1296 vexare
720 1230 899 1315 credentes,
926 1231 1071 1314 porrexit

58 1320 90 1384 ei
108 1319 229 1386 librum
255 1339 315 1404 pro
337 1322 451 1384 nostra
477 1319 634 1404 religione
658 1320 874 1403 compositum
897 1316 990 1385 valde
1012 1340 1069 1384 ne·
1088 1339 1123 1390 ιο

56 1409 232 1474 cessarium
263 1408 459 1493 plenumque
485 1408 624 1475 rationis
655 1410 689 1472 et
717 1407 792 1473 fidei
824 1411 858 1472 et
888 1408 1070 1492 apostolica

57 1497 204 1564 doctrina
225 1497 369 1583 dignum.
413 1495 453 1561 ln
481 1518 545 1581 quo
573 1501 607 1562 et
628 1498 857 1583 antiquitatem
881 1517 959 1561 suae
982 1500 1069 1563 seta·

56 1584 103 1650 tis
126 1586 298 1652 ostendens
322 1586 370 1651 ait
386 1586 542 1671 plurimos
567 1606 639 1651 ase
657 1585 761 1668 visos,
778 1587 832 1670 qui
852 1585 912 1650 sub
926 1584 1068 1652 Domino

58 1672 159 1739 variis
181 1676 213 1740 in
230 1673 351 1740 Iudaea
369 1675 516 1758 oppressi
540 1673 780 1753 calamitatibus
799 1675 906 1739 sanati
924 1673 1063 1758 fuerant,

57 1766 93 1828 et
116 1762 173 1848 qui
195 1784 215 1827 a
234 1764 372 1830 mortuis
395 1767 647 1829 resurrexerant.
1088 1783 1123 1832 ιι

10 1987 24 2063 3
469 1945 551 2036 Cup
583 1944 668 2016 XX

148 2079 309 2147 Aristides
339 2083 564 2169 Atheniensis,
596 2080 807 2167 philosophus
840 2081 1002 2167 eloquent
993 2082 1066 2147 issi

56 2192 132 2237 mus
150 2174 184 2235 et
202 2169 263 2235 s'ub
281 2172 415 2255 pristino
433 2171 547 2237 habitu
567 2171 744 2255 discipulus
759 2167 895 2254 Christi,
913 2169 1066 2236 volumen

55 2258 164 2326 nostri
194 2257 357 2346 dogmatis
384 2261 552 2326 continens
582 2261 742 2325 rationem
769 2257 882 2324 eodem
912 2262 1068 2342 tempore,

57 2368 124 2435 quo
156 2352 190 2414 et
206 2346 404 2434 Quadratus,
435 2348 603 2415 Hadriano
635 2347 774 2433 principi
805 2346 908 2432 dedit,
939 2345 972 2413 id
1005 2352 1064 2432 est,
1084 2366 1119 2415 ιι

57 2371 300 2522 apologeticum
325 2457 386 2521 pro
407 2435 615 2520 Christianis,
642 2437 728 2540 quod
750 2457 852 2523 usque
874 2435 971 2502 hodie
993 2458 1065 2520 per-

57 2546 211 2592 severans
233 2525 319 2610 apud
341 2524 560 2612 philologos
550 2526 672 2612 ingenii
695 2525 764 2591 eius
786 2524 941 2591 indicium
964 2530 1022 2591 est.

456 2707 537 2800 cap.
568 2707 677 2779 ιιι.

149 2843 312 2929 Agrippa,
339 2849 552 2929 cognomento
576 2843 734 2930 Castoris,
758 2844 806 2909 vir
828 2842 921 2910 valde
944 2843 1020 2910 doct
1005 2848 1068 2929 t,us

57 2933 230 2999 adversus
240 2931 350 2999 XXIV
376 2931 527 2998 Basilidis
553 2933 688 2999 heretici
715 2931 895 3016 volumina,
922 2955 1005 3018 quae
1032 2934 1068 2998 ιιι
1087 2949 1122 2998 ιι

10 3070 12 3080 .
58 3013 263 3106 evangelium
297 3022 493 3106 confecerat,
528 3021 704 3089 fortissime
740 2983 895 3087 disseruit
927 3021 1067 3105 prodens

58 3072 493 3264 {susurrari
515 3111 748 3266 ἓιιέιιῖῗι
771 3131 971 3264 {iffi
988 3108 1068 3263 Batti

129 3371 236 3429 tuat:
261 3373 298 3428 ob
317 3371 422 3431 christi
444 3372 592 3443 martyri03
616 3372 726 3428 Bamh.:
750 3372 787 3428 ob
810 3371 966 3439 Christum
986 3371 1068 3429 Beru.

59 3447 88 3499 et
105 3442 247 3500 Norimb.:
265 3444 300 3499 ob
319 3443 423 3500 Christi
440 3444 606 3513 martyrium
691 3452 708 3500 6
727 3443 837 3498 Bamb.:
856 3442 959 3497 exisset
976 3441 1069 3498 hieme

59 3513 296 3656 {logpfflleusiua
364 3521 398 3570 10
412 3514 463 3569 al:
476 3514 576 3570 utilem
643 3519 676 3570 ιι
692 3514 790 3570 Bamb.
804 3516 833 3569 et
846 3511 991 3568 Notimhs
1006 3512 1071 3581 phl-
