<?xml version="1.0" encoding="UTF-8"?>
<!DOCTYPE html PUBLIC "-//W3C//DTD XHTML 1.0 Transitional//EN"
    "http://www.w3.org/TR/xhtml1/DTD/xhtml1-transitional.dtd">
<html xmlns="http://www.w3.org/1999/xhtml" xml:lang="en" lang="en">
 <head>
  <title>
</title>
<meta http-equiv="Content-Type" content="text/html;charset=utf-8" />
  <meta name='ocr-system' content='tesseract 3.04.00' />
  <meta name='ocr-capabilities' content='ocr_page ocr_carea ocr_par ocr_line ocrx_word'/>
</head>
<body>
  <div class='ocr_page' id='page_1' title='image "./heironymideviri00jerogoog_0107.png"; bbox 0 0 2400 3878; ppageno 0'>
   <div class='ocr_carea' id='block_1_1' title="bbox 542 89 760 154">
    <p class='ocr_par' dir='ltr' id='par_1_1' title="bbox 542 89 760 154">
     <span class='ocr_line' id='line_1_1' title="bbox 542 89 760 154; baseline 0.005 -17"><span class='ocrx_word' id='word_1_1' title='bbox 542 89 760 154; x_wconf 70' lang='grc'>..56..,</span> 
     </span>
    </p>
   </div>
   <div class='ocr_carea' id='block_1_2' title="bbox 144 228 1157 493">
    <p class='ocr_par' dir='ltr' id='par_1_2' title="bbox 144 228 1157 493">
     <span class='ocr_line' id='line_1_2' title="bbox 146 228 1156 316; baseline 0.001 -21"><span class='ocrx_word' id='word_1_2' title='bbox 146 251 209 296; x_wconf 87' lang='lat' dir='ltr'><strong>nae</strong></span> <span class='ocrx_word' id='word_1_3' title='bbox 231 230 322 296; x_wconf 83' lang='lat' dir='ltr'><strong>urbis</strong></span> <span class='ocrx_word' id='word_1_4' title='bbox 344 229 546 316; x_wconf 86' lang='lat' dir='ltr'><strong>episcopum,</strong></span> <span class='ocrx_word' id='word_1_5' title='bbox 572 250 632 314; x_wconf 86' lang='lat' dir='ltr'><strong>pro</strong></span> <span class='ocrx_word' id='word_1_6' title='bbox 658 229 722 295; x_wconf 80' lang='lat' dir='ltr'><strong>fide</strong></span> <span class='ocrx_word' id='word_1_7' title='bbox 751 228 794 296; x_wconf 86' lang='lat' dir='ltr'><strong>ad</strong></span> <span class='ocrx_word' id='word_1_8' title='bbox 816 228 947 295; x_wconf 89' lang='lat' dir='ltr'><strong>exilium</strong></span> <span class='ocrx_word' id='word_1_9' title='bbox 970 236 1156 316; x_wconf 81' lang='lat' dir='ltr'><strong>pergentem</strong></span> 
     </span>
     <span class='ocr_line' id='line_1_3' title="bbox 146 316 1157 405; baseline 0.002 -22"><span class='ocrx_word' id='word_1_10' title='bbox 146 320 269 403; x_wconf 85' lang='lat' dir='ltr'><strong>primus</strong></span> <span class='ocrx_word' id='word_1_11' title='bbox 293 318 482 385; x_wconf 83' lang='lat' dir='ltr'><strong>sollicitavit</strong></span> <span class='ocrx_word' id='word_1_12' title='bbox 508 317 662 404; x_wconf 76' lang='lat' dir='ltr'><strong>etfregit</strong></span> <span class='ocrx_word' id='word_1_13' title='bbox 689 321 723 383; x_wconf 90' lang='lat' dir='ltr'><strong>et</strong></span> <span class='ocrx_word' id='word_1_14' title='bbox 746 316 788 384; x_wconf 89' lang='lat' dir='ltr'><strong>ad</strong></span> <span class='ocrx_word' id='word_1_15' title='bbox 810 317 1084 405; x_wconf 75' lang='lat' dir='ltr'><strong>subscriptionem</strong></span> <span class='ocrx_word' id='word_1_16' title='bbox 1106 319 1157 385; x_wconf 88' lang='lat' dir='ltr'><strong>he·</strong></span> 
     </span>
     <span class='ocr_line' id='line_1_4' title="bbox 144 405 443 493; baseline -0.007 -21"><span class='ocrx_word' id='word_1_17' title='bbox 144 427 254 474; x_wconf 85' lang='lat' dir='ltr'><strong>reseos</strong></span> <span class='ocrx_word' id='word_1_18' title='bbox 278 405 443 493; x_wconf 73' lang='lat' dir='ltr'><strong>compulit.</strong></span> 
     </span>
    </p>
   </div>
   <div class='ocr_carea' id='block_1_3' title="bbox 508 583 805 681">
    <p class='ocr_par' dir='ltr' id='par_1_3' title="bbox 508 583 805 681">
     <span class='ocr_line' id='line_1_5' title="bbox 508 583 805 681; baseline -0.007 -21"><span class='ocrx_word' id='word_1_19' title='bbox 508 587 590 681; x_wconf 67' lang='lat' dir='ltr'><strong>cap.</strong></span> <span class='ocrx_word' id='word_1_20' title='bbox 622 583 805 661; x_wconf 72' lang='lat' dir='ltr'><strong>xcuzu.</strong></span> 
     </span>
    </p>
   </div>
   <div class='ocr_carea' id='block_1_4' title="bbox 49 721 1155 1342">
    <p class='ocr_par' dir='ltr' id='par_1_4' title="bbox 108 721 1155 902">
     <span class='ocr_line' id='line_1_6' title="bbox 108 721 1155 814; baseline 0.006 -28"><span class='ocrx_word' id='word_1_21' title='bbox 108 735 126 786; x_wconf 79' lang='lat' dir='ltr'><strong>a</strong></span> <span class='ocrx_word' id='word_1_22' title='bbox 235 725 387 808; x_wconf 79' lang='lat' dir='ltr'><strong>Aeacius,</strong></span> <span class='ocrx_word' id='word_1_23' title='bbox 416 747 525 810; x_wconf 90' lang='lat' dir='ltr'><strong>quem,</strong></span> <span class='ocrx_word' id='word_1_24' title='bbox 556 725 632 811; x_wconf 87' lang='lat' dir='ltr'><strong>quia</strong></span> <span class='ocrx_word' id='word_1_25' title='bbox 663 725 772 791; x_wconf 87' lang='lat' dir='ltr'><strong>luscus</strong></span> <span class='ocrx_word' id='word_1_26' title='bbox 799 727 883 810; x_wconf 87' lang='lat' dir='ltr'><strong>erat,</strong></span> <span class='ocrx_word' id='word_1_27' title='bbox 909 721 1155 814; x_wconf 76' lang='grc' dir='ltr'><strong><em>μονόφθαλμον</em></strong></span> 
     </span>
     <span class='ocr_line' id='line_1_7' title="bbox 143 811 1150 902; baseline 0.004 -24"><span class='ocrx_word' id='word_1_28' title='bbox 143 813 385 897; x_wconf 68' lang='lat' dir='ltr'><strong>nuncupabant,</strong></span> <span class='ocrx_word' id='word_1_29' title='bbox 409 811 629 881; x_wconf 75' lang='lat' dir='ltr'><strong>Caesariensis</strong></span> <span class='ocrx_word' id='word_1_30' title='bbox 647 813 800 881; x_wconf 85' lang='lat' dir='ltr'><strong>ecclesiae</strong></span> <span class='ocrx_word' id='word_1_31' title='bbox 822 814 857 880; x_wconf 91' lang='lat' dir='ltr'><strong>in</strong></span> <span class='ocrx_word' id='word_1_32' title='bbox 878 813 1069 882; x_wconf 86' lang='lat' dir='ltr'><strong>Palaestina</strong></span> <span class='ocrx_word' id='word_1_33' title='bbox 1090 816 1150 902; x_wconf 90' lang='lat' dir='ltr'><strong>cpi·</strong></span> 
     </span>
    </p>

    <p class='ocr_par' dir='ltr' id='par_1_5' title="bbox 50 901 1154 990">
     <span class='ocr_line' id='line_1_8' title="bbox 50 901 1154 990; baseline 0.005 -24"><span class='ocrx_word' id='word_1_34' title='bbox 50 902 56 909; x_wconf 84' lang='lat'>&#39;</span> <span class='ocrx_word' id='word_1_35' title='bbox 144 923 275 987; x_wconf 86' lang='lat' dir='ltr'><strong>scopus,</strong></span> <span class='ocrx_word' id='word_1_36' title='bbox 307 902 486 970; x_wconf 83' lang='lat' dir='ltr'><strong>elaboravit</strong></span> <span class='ocrx_word' id='word_1_37' title='bbox 515 901 551 967; x_wconf 90' lang='lat' dir='ltr'><strong>in</strong></span> <span class='ocrx_word' id='word_1_38' title='bbox 581 901 802 970; x_wconf 77' lang='lat' dir='ltr'><strong>Ecclesiasteu</strong></span> <span class='ocrx_word' id='word_1_39' title='bbox 829 902 939 968; x_wconf 89' lang='lat' dir='ltr'><strong>decem</strong></span> <span class='ocrx_word' id='word_1_40' title='bbox 972 906 1006 968; x_wconf 85' lang='lat' dir='ltr'><strong>et</strong></span> <span class='ocrx_word' id='word_1_41' title='bbox 1032 909 1154 990; x_wconf 81' lang='lat' dir='ltr'><strong>septem</strong></span> 
     </span>
    </p>

    <p class='ocr_par' dir='ltr' id='par_1_6' title="bbox 49 989 1153 1079">
     <span class='ocr_line' id='line_1_9' title="bbox 49 989 1153 1079; baseline 0.001 -20"><span class='ocrx_word' id='word_1_42' title='bbox 49 1053 53 1059; x_wconf 92' lang='lat'><em>.</em></span> <span class='ocrx_word' id='word_1_43' title='bbox 143 990 324 1074; x_wconf 85' lang='lat' dir='ltr'><strong>volumina,</strong></span> <span class='ocrx_word' id='word_1_44' title='bbox 346 994 380 1055; x_wconf 88' lang='lat' dir='ltr'><strong>et</strong></span> <span class='ocrx_word' id='word_1_45' title='bbox 402 992 595 1076; x_wconf 80' lang='grc' dir='ltr'><strong><em>συμμίκτων</em></strong></span> <span class='ocrx_word' id='word_1_46' title='bbox 610 989 803 1076; x_wconf 73' lang='grc' dir='ltr'><strong><em>ζητημάτων</em></strong></span> <span class='ocrx_word' id='word_1_47' title='bbox 825 1008 896 1070; x_wconf 86' lang='lat' dir='ltr'><strong>sex,</strong></span> <span class='ocrx_word' id='word_1_48' title='bbox 919 991 1042 1058; x_wconf 84' lang='lat' dir='ltr'><strong>multos</strong></span> <span class='ocrx_word' id='word_1_49' title='bbox 1065 1014 1153 1079; x_wconf 87' lang='lat' dir='ltr'><strong>prae·</strong></span> 
     </span>
    </p>

    <p class='ocr_par' dir='ltr' id='par_1_7' title="bbox 51 1076 1151 1165">
     <span class='ocr_line' id='line_1_10' title="bbox 51 1076 1151 1165; baseline 0.004 -23"><span class='ocrx_word' id='word_1_50' title='bbox 51 1098 52 1101; x_wconf 45' lang='lat'>¹</span> <span class='ocrx_word' id='word_1_51' title='bbox 143 1081 233 1143; x_wconf 89' lang='lat' dir='ltr'><strong>terea</strong></span> <span class='ocrx_word' id='word_1_52' title='bbox 264 1077 470 1165; x_wconf 83' lang='lat' dir='ltr'><strong>diversosque</strong></span> <span class='ocrx_word' id='word_1_53' title='bbox 502 1082 670 1145; x_wconf 70' lang='lat' dir='ltr'><strong>tractatam.</strong></span> <span class='ocrx_word' id='word_1_54' title='bbox 718 1076 760 1144; x_wconf 91' lang='lat' dir='ltr'><strong>In</strong></span> <span class='ocrx_word' id='word_1_55' title='bbox 789 1082 919 1145; x_wconf 89' lang='lat' dir='ltr'><strong>tantum</strong></span> <span class='ocrx_word' id='word_1_56' title='bbox 952 1085 1063 1146; x_wconf 86' lang='lat' dir='ltr'><strong>autem</strong></span> <span class='ocrx_word' id='word_1_57' title='bbox 1096 1083 1151 1148; x_wconf 89' lang='lat' dir='ltr'><strong>sub</strong></span> 
     </span>
    </p>

    <p class='ocr_par' dir='ltr' id='par_1_8' title="bbox 90 1163 1152 1342">
     <span class='ocr_line' id='line_1_11' title="bbox 90 1163 1152 1252; baseline 0.009 -25"><span class='ocrx_word' id='word_1_58' title='bbox 90 1176 126 1228; x_wconf 77' lang='grc' dir='ltr'><strong>ιο</strong></span> <span class='ocrx_word' id='word_1_59' title='bbox 144 1163 337 1232; x_wconf 76' lang='lat' dir='ltr'><strong>Constantio</strong></span> <span class='ocrx_word' id='word_1_60' title='bbox 360 1167 555 1252; x_wconf 79' lang='lat' dir='ltr'><strong>imperatore</strong></span> <span class='ocrx_word' id='word_1_61' title='bbox 578 1167 708 1247; x_wconf 84' lang='lat' dir='ltr'><strong>claruit,</strong></span> <span class='ocrx_word' id='word_1_62' title='bbox 727 1171 764 1232; x_wconf 92' lang='lat' dir='ltr'><strong>ut</strong></span> <span class='ocrx_word' id='word_1_63' title='bbox 781 1168 816 1232; x_wconf 91' lang='lat' dir='ltr'><strong>in</strong></span> <span class='ocrx_word' id='word_1_64' title='bbox 829 1166 951 1234; x_wconf 85' lang='lat' dir='ltr'><strong>Liberii</strong></span> <span class='ocrx_word' id='word_1_65' title='bbox 968 1167 1079 1236; x_wconf 89' lang='lat' dir='ltr'><strong>locum</strong></span> <span class='ocrx_word' id='word_1_66' title='bbox 1094 1170 1152 1237; x_wconf 87' lang='lat' dir='ltr'><strong>Ro·</strong></span> 
     </span>
     <span class='ocr_line' id='line_1_12' title="bbox 143 1254 830 1342; baseline 0.004 -22"><span class='ocrx_word' id='word_1_67' title='bbox 143 1276 215 1320; x_wconf 90' lang='lat' dir='ltr'><strong>mae</strong></span> <span class='ocrx_word' id='word_1_68' title='bbox 238 1254 377 1320; x_wconf 82' lang='lat' dir='ltr'><strong>Felicem</strong></span> <span class='ocrx_word' id='word_1_69' title='bbox 400 1257 586 1342; x_wconf 89' lang='lat' dir='ltr'><strong>episcopum</strong></span> <span class='ocrx_word' id='word_1_70' title='bbox 609 1257 830 1323; x_wconf 83' lang='lat' dir='ltr'><strong>constitueret</strong></span> 
     </span>
    </p>
   </div>
   <div class='ocr_carea' id='block_1_5' title="bbox 524 1436 778 1529">
    <p class='ocr_par' dir='ltr' id='par_1_9' title="bbox 524 1436 778 1529">
     <span class='ocr_line' id='line_1_13' title="bbox 524 1436 778 1529; baseline -0.004 -19"><span class='ocrx_word' id='word_1_71' title='bbox 524 1436 606 1529; x_wconf 83' lang='lat' dir='ltr'><strong>Gap.</strong></span> <span class='ocrx_word' id='word_1_72' title='bbox 637 1436 778 1510; x_wconf 75' lang='lat' dir='ltr'><strong><em>XCIX.</em></strong></span> 
     </span>
    </p>
   </div>
   <div class='ocr_carea' id='block_1_6' title="bbox 43 1571 1155 1906">
    <p class='ocr_par' dir='ltr' id='par_1_10' title="bbox 43 1571 1155 1906">
     <span class='ocr_line' id='line_1_14' title="bbox 233 1571 1155 1663; baseline 0.008 -26"><span class='ocrx_word' id='word_1_73' title='bbox 233 1571 404 1658; x_wconf 84' lang='lat' dir='ltr'><strong>Serapion,</strong></span> <span class='ocrx_word' id='word_1_74' title='bbox 423 1573 587 1641; x_wconf 83' lang='lat' dir='ltr'><strong>Thmueus</strong></span> <span class='ocrx_word' id='word_1_75' title='bbox 607 1575 790 1661; x_wconf 84' lang='lat' dir='ltr'><strong>spiscopus,</strong></span> <span class='ocrx_word' id='word_1_76' title='bbox 813 1576 869 1660; x_wconf 91' lang='lat' dir='ltr'><strong>qui</strong></span> <span class='ocrx_word' id='word_1_77' title='bbox 892 1575 936 1640; x_wconf 92' lang='lat' dir='ltr'><strong>ob</strong></span> <span class='ocrx_word' id='word_1_78' title='bbox 959 1576 1155 1663; x_wconf 78' lang='lat' dir='ltr'><strong>elegantiam</strong></span> 
     </span>
     <span class='ocr_line' id='line_1_15' title="bbox 43 1661 1155 1748; baseline 0.007 -23"><span class='ocrx_word' id='word_1_79' title='bbox 43 1703 46 1708; x_wconf 91' lang='lat'><em>-</em></span> <span class='ocrx_word' id='word_1_80' title='bbox 142 1663 267 1747; x_wconf 82' lang='lat' dir='ltr'><strong>ingenii</strong></span> <span class='ocrx_word' id='word_1_81' title='bbox 299 1683 481 1748; x_wconf 84' lang='lat' dir='ltr'><strong>cognomen</strong></span> <span class='ocrx_word' id='word_1_82' title='bbox 510 1661 703 1730; x_wconf 82' lang='lat' dir='ltr'><strong>Scholastici</strong></span> <span class='ocrx_word' id='word_1_83' title='bbox 731 1666 863 1746; x_wconf 86' lang='lat' dir='ltr'><strong>meruit,</strong></span> <span class='ocrx_word' id='word_1_84' title='bbox 895 1684 988 1730; x_wconf 82' lang='lat' dir='ltr'><strong>carus</strong></span> <span class='ocrx_word' id='word_1_85' title='bbox 1020 1664 1155 1733; x_wconf 89' lang='lat' dir='ltr'><strong>Antonii</strong></span> 
     </span>
     <span class='ocr_line' id='line_1_16' title="bbox 91 1750 1155 1906; baseline 0.01 -96"><span class='ocrx_word' id='word_1_86' title='bbox 91 1761 124 1810; x_wconf 73' lang='lat' dir='ltr'><strong>ts</strong></span> <span class='ocrx_word' id='word_1_87' title='bbox 144 1750 295 1817; x_wconf 89' lang='lat' dir='ltr'><strong>monachi</strong></span> <span class='ocrx_word' id='word_1_88' title='bbox 326 1751 389 1816; x_wconf 84' lang='lat' dir='ltr'><strong>fuit</strong></span> <span class='ocrx_word' id='word_1_89' title='bbox 419 1751 582 1906; x_wconf 50' lang='lat' dir='ltr'><strong>ediditgue</strong></span> <span class='ocrx_word' id='word_1_90' title='bbox 613 1751 783 1818; x_wconf 74' lang='lat' dir='ltr'><strong>‘adversus</strong></span> <span class='ocrx_word' id='word_1_91' title='bbox 809 1751 1039 1818; x_wconf 87' lang='lat' dir='ltr'><strong>Manichaeos&#39;</strong></span> <span class='ocrx_word' id='word_1_92' title='bbox 1070 1777 1155 1842; x_wconf 82' lang='lat' dir='ltr'><strong>egre-</strong></span> 
     </span>
    </p>
   </div>
   <div class='ocr_carea' id='block_1_7' title="bbox 142 1839 1155 2103">
    <p class='ocr_par' dir='ltr' id='par_1_11' title="bbox 142 1839 1155 2103">
     <span class='ocr_line' id='line_1_17' title="bbox 147 1839 1155 1925; baseline 0.005 -21"><span class='ocrx_word' id='word_1_93' title='bbox 147 1840 237 1925; x_wconf 78' lang='lat' dir='ltr'><strong>gium</strong></span> <span class='ocrx_word' id='word_1_94' title='bbox 274 1840 395 1905; x_wconf 89' lang='lat' dir='ltr'><strong>librum</strong></span> <span class='ocrx_word' id='word_1_95' title='bbox 436 1844 470 1905; x_wconf 88' lang='lat' dir='ltr'><strong>et</strong></span> <span class='ocrx_word' id='word_1_96' title='bbox 506 1839 516 1869; x_wconf 77' lang='lat'><strong><em>‘</em></strong></span> <span class='ocrx_word' id='word_1_97' title='bbox 544 1860 562 1905; x_wconf 88' lang='lat' dir='ltr'><strong>e</strong></span> <span class='ocrx_word' id='word_1_98' title='bbox 593 1841 793 1924; x_wconf 84' lang='lat' dir='ltr'><strong>psalmorum</strong></span> <span class='ocrx_word' id='word_1_99' title='bbox 825 1839 950 1907; x_wconf 89' lang='lat' dir='ltr'><strong>titulis&#39;</strong></span> <span class='ocrx_word' id='word_1_100' title='bbox 989 1843 1089 1909; x_wconf 90' lang='lat' dir='ltr'><strong>alium</strong></span> <span class='ocrx_word' id='word_1_101' title='bbox 1127 1849 1155 1909; x_wconf 87' lang='lat' dir='ltr'><strong>et</strong></span> 
     </span>
     <span class='ocr_line' id='line_1_18' title="bbox 142 1927 1152 2017; baseline 0.004 -25"><span class='ocrx_word' id='word_1_102' title='bbox 142 1927 184 1993; x_wconf 86' lang='lat' dir='ltr'><strong>ad</strong></span> <span class='ocrx_word' id='word_1_103' title='bbox 207 1928 351 1996; x_wconf 80' lang='lat' dir='ltr'><strong>diversos</strong></span> <span class='ocrx_word' id='word_1_104' title='bbox 380 1929 475 1995; x_wconf 86' lang='lat' dir='ltr'><strong>utiles</strong></span> <span class='ocrx_word' id='word_1_105' title='bbox 503 1929 672 2014; x_wconf 85' lang='lat' dir='ltr'><strong>epistulas,</strong></span> <span class='ocrx_word' id='word_1_106' title='bbox 701 1933 735 1994; x_wconf 90' lang='lat' dir='ltr'><strong>et</strong></span> <span class='ocrx_word' id='word_1_107' title='bbox 758 1929 818 1994; x_wconf 86' lang='lat' dir='ltr'><strong>sub</strong></span> <span class='ocrx_word' id='word_1_108' title='bbox 843 1927 1039 1997; x_wconf 81' lang='lat' dir='ltr'><strong>Constantio</strong></span> <span class='ocrx_word' id='word_1_109' title='bbox 1068 1933 1152 2017; x_wconf 92' lang='lat' dir='ltr'><strong>prin·</strong></span> 
     </span>
     <span class='ocr_line' id='line_1_19' title="bbox 142 2015 867 2103; baseline 0.003 -21"><span class='ocrx_word' id='word_1_110' title='bbox 142 2015 212 2103; x_wconf 86' lang='lat' dir='ltr'><strong>cipe</strong></span> <span class='ocrx_word' id='word_1_111' title='bbox 236 2017 335 2083; x_wconf 86' lang='lat' dir='ltr'><strong>etiam</strong></span> <span class='ocrx_word' id='word_1_112' title='bbox 358 2019 393 2083; x_wconf 91' lang='lat' dir='ltr'><strong>in</strong></span> <span class='ocrx_word' id='word_1_113' title='bbox 416 2017 619 2084; x_wconf 83' lang='lat' dir='ltr'><strong>confessione</strong></span> <span class='ocrx_word' id='word_1_114' title='bbox 641 2017 773 2084; x_wconf 89' lang='lat' dir='ltr'><strong>inclitus</strong></span> <span class='ocrx_word' id='word_1_115' title='bbox 796 2017 867 2084; x_wconf 87' lang='lat' dir='ltr'><strong>fuit.</strong></span> 
     </span>
    </p>
   </div>
   <div class='ocr_carea' id='block_1_8' title="bbox 571 2199 721 2290">
    <p class='ocr_par' dir='ltr' id='par_1_12' title="bbox 571 2199 721 2290">
     <span class='ocr_line' id='line_1_20' title="bbox 571 2199 721 2290; baseline 0 -20"><span class='ocrx_word' id='word_1_116' title='bbox 571 2200 653 2290; x_wconf 79' lang='lat' dir='ltr'><strong>Cup.</strong></span> <span class='ocrx_word' id='word_1_117' title='bbox 686 2199 721 2270; x_wconf 80' lang='lat'><strong>0.</strong></span> 
     </span>
    </p>
   </div>
   <div class='ocr_carea' id='block_1_9' title="bbox 41 2334 1200 3218">
    <p class='ocr_par' dir='ltr' id='par_1_13' title="bbox 88 2334 1200 2691">
     <span class='ocr_line' id='line_1_21' title="bbox 88 2334 1200 2424; baseline 0.005 -27"><span class='ocrx_word' id='word_1_118' title='bbox 88 2349 124 2398; x_wconf 74' lang='grc' dir='ltr'><strong>νο</strong></span> <span class='ocrx_word' id='word_1_119' title='bbox 231 2334 387 2419; x_wconf 84' lang='lat' dir='ltr'><strong>Hilarius,</strong></span> <span class='ocrx_word' id='word_1_120' title='bbox 409 2336 499 2401; x_wconf 85' lang='lat' dir='ltr'><strong>urbis</strong></span> <span class='ocrx_word' id='word_1_121' title='bbox 517 2335 724 2402; x_wconf 81' lang='lat' dir='ltr'><strong>Pictavorum</strong></span> <span class='ocrx_word' id='word_1_122' title='bbox 740 2336 954 2422; x_wconf 82' lang='lat' dir='ltr'><strong>Aquitanicae</strong></span> <span class='ocrx_word' id='word_1_123' title='bbox 975 2338 1154 2424; x_wconf 85' lang='lat' dir='ltr'><strong>episcopus,</strong></span> <span class='ocrx_word' id='word_1_124' title='bbox 1199 2399 1200 2403; x_wconf 75' lang='grc'>,</span> 
     </span>
     <span class='ocr_line' id='line_1_22' title="bbox 144 2421 1154 2514; baseline 0.007 -28"><span class='ocrx_word' id='word_1_125' title='bbox 144 2423 285 2489; x_wconf 85' lang='lat' dir='ltr'><strong>factione</strong></span> <span class='ocrx_word' id='word_1_126' title='bbox 316 2421 498 2507; x_wconf 84' lang='lat' dir='ltr'><strong>Saturnini,</strong></span> <span class='ocrx_word' id='word_1_127' title='bbox 529 2424 729 2491; x_wconf 85' lang='lat' dir='ltr'><strong>Arelatensis</strong></span> <span class='ocrx_word' id='word_1_128' title='bbox 762 2425 921 2511; x_wconf 89' lang='lat' dir='ltr'><strong>episcopi,</strong></span> <span class='ocrx_word' id='word_1_129' title='bbox 953 2426 993 2491; x_wconf 89' lang='lat' dir='ltr'><strong>de</strong></span> <span class='ocrx_word' id='word_1_130' title='bbox 1029 2429 1154 2514; x_wconf 80' lang='lat' dir='ltr'><strong>synodo</strong></span> 
     </span>
     <span class='ocr_line' id='line_1_23' title="bbox 144 2510 1154 2597; baseline 0.008 -22"><span class='ocrx_word' id='word_1_131' title='bbox 144 2510 322 2576; x_wconf 83' lang='lat' dir='ltr'><strong>Biterrensi</strong></span> <span class='ocrx_word' id='word_1_132' title='bbox 335 2511 514 2597; x_wconf 84' lang='lat' dir='ltr'><strong>Phrygiam</strong></span> <span class='ocrx_word' id='word_1_133' title='bbox 528 2513 700 2596; x_wconf 84' lang='lat' dir='ltr'><strong>relegatus,</strong></span> <span class='ocrx_word' id='word_1_134' title='bbox 713 2512 878 2578; x_wconf 86' lang='lat' dir='ltr'><strong>duodecim</strong></span> <span class='ocrx_word' id='word_1_135' title='bbox 894 2514 1049 2581; x_wconf 83' lang='lat' dir='ltr'><strong>adversus</strong></span> <span class='ocrx_word' id='word_1_136' title='bbox 1062 2516 1154 2582; x_wconf 85' lang='lat' dir='ltr'><strong>Aria·</strong></span> 
     </span>
     <span class='ocr_line' id='line_1_24' title="bbox 143 2600 1154 2691; baseline 0.009 -29"><span class='ocrx_word' id='word_1_137' title='bbox 143 2621 203 2664; x_wconf 88' lang='lat' dir='ltr'><strong>nos</strong></span> <span class='ocrx_word' id='word_1_138' title='bbox 218 2600 358 2667; x_wconf 83' lang='lat' dir='ltr'><strong>confecit</strong></span> <span class='ocrx_word' id='word_1_139' title='bbox 375 2600 478 2666; x_wconf 88' lang='lat' dir='ltr'><strong>libros</strong></span> <span class='ocrx_word' id='word_1_140' title='bbox 503 2605 536 2666; x_wconf 89' lang='lat' dir='ltr'><strong>et</strong></span> <span class='ocrx_word' id='word_1_141' title='bbox 554 2602 654 2666; x_wconf 90' lang='lat' dir='ltr'><strong>alium</strong></span> <span class='ocrx_word' id='word_1_142' title='bbox 673 2601 792 2667; x_wconf 87' lang='lat' dir='ltr'><strong>librum</strong></span> <span class='ocrx_word' id='word_1_143' title='bbox 812 2601 863 2667; x_wconf 77' lang='lat' dir='ltr'><strong>‘de</strong></span> <span class='ocrx_word' id='word_1_144' title='bbox 883 2603 1036 2688; x_wconf 85' lang='lat' dir='ltr'><strong>synodis&#39;,</strong></span> <span class='ocrx_word' id='word_1_145' title='bbox 1060 2627 1154 2691; x_wconf 88' lang='lat' dir='ltr'><strong>quem</strong></span> 
     </span>
    </p>

    <p class='ocr_par' dir='ltr' id='par_1_14' title="bbox 41 2685 1154 2776">
     <span class='ocr_line' id='line_1_25' title="bbox 41 2685 1154 2776; baseline 0.008 -24"><span class='ocrx_word' id='word_1_146' title='bbox 41 2738 43 2742; x_wconf 15' lang='grc' dir='ltr'><em>Α</em></span> <span class='ocrx_word' id='word_1_147' title='bbox 144 2686 185 2753; x_wconf 87' lang='lat' dir='ltr'><strong>ad</strong></span> <span class='ocrx_word' id='word_1_148' title='bbox 207 2685 389 2754; x_wconf 79' lang='lat' dir='ltr'><strong>Galliarum</strong></span> <span class='ocrx_word' id='word_1_149' title='bbox 418 2690 586 2775; x_wconf 83' lang='lat' dir='ltr'><strong>episcopos</strong></span> <span class='ocrx_word' id='word_1_150' title='bbox 615 2689 759 2776; x_wconf 85' lang='lat' dir='ltr'><strong>scripsit,</strong></span> <span class='ocrx_word' id='word_1_151' title='bbox 785 2694 819 2756; x_wconf 90' lang='lat' dir='ltr'><strong>ct</strong></span> <span class='ocrx_word' id='word_1_152' title='bbox 845 2692 880 2755; x_wconf 94' lang='lat' dir='ltr'><strong>in</strong></span> <span class='ocrx_word' id='word_1_153' title='bbox 903 2692 1046 2776; x_wconf 87' lang='lat' dir='ltr'><strong>psalmos</strong></span> <span class='ocrx_word' id='word_1_154' title='bbox 1071 2716 1154 2761; x_wconf 90' lang='lat' dir='ltr'><strong>eom·</strong></span> 
     </span>
    </p>

    <p class='ocr_par' dir='ltr' id='par_1_15' title="bbox 90 2777 1157 3218">
     <span class='ocr_line' id='line_1_26' title="bbox 90 2777 1154 2869; baseline 0.007 -29"><span class='ocrx_word' id='word_1_155' title='bbox 90 2777 333 2862; x_wconf 70' lang='lat' dir='ltr'><strong>cementarios,</strong></span> <span class='ocrx_word' id='word_1_156' title='bbox 361 2779 502 2863; x_wconf 86' lang='lat' dir='ltr'><strong>primum</strong></span> <span class='ocrx_word' id='word_1_157' title='bbox 530 2778 679 2844; x_wconf 84' lang='lat' dir='ltr'><strong>videlicet</strong></span> <span class='ocrx_word' id='word_1_158' title='bbox 707 2781 741 2844; x_wconf 91' lang='lat' dir='ltr'><strong>et</strong></span> <span class='ocrx_word' id='word_1_159' title='bbox 764 2779 938 2845; x_wconf 88' lang='lat' dir='ltr'><strong>secundum</strong></span> <span class='ocrx_word' id='word_1_160' title='bbox 962 2784 995 2846; x_wconf 88' lang='lat' dir='ltr'><strong>et</strong></span> <span class='ocrx_word' id='word_1_161' title='bbox 1019 2804 1039 2847; x_wconf 90' lang='lat' dir='ltr'><strong>a</strong></span> <span class='ocrx_word' id='word_1_162' title='bbox 1061 2783 1154 2869; x_wconf 88' lang='lat' dir='ltr'><strong>quin·</strong></span> 
     </span>
     <span class='ocr_line' id='line_1_27' title="bbox 143 2866 1156 3026; baseline 0.004 -6"><span class='ocrx_word' id='word_1_163' title='bbox 143 2867 333 3020; x_wconf 68' lang='lat' dir='ltr'><strong>quiiiiii</strong></span> <span class='ocrx_word' id='word_1_164' title='bbox 346 2866 905 3022; x_wconf 50' lang='lat' dir='ltr'><strong>llttltltllllttlllt</strong></span> <span class='ocrx_word' id='word_1_165' title='bbox 923 2871 1156 3026; x_wconf 64' lang='lat' dir='ltr'><strong>lttlltll</strong></span> 
     </span>
     <span class='ocr_line' id='line_1_28' title="bbox 142 2976 1157 3129; baseline 0.005 -21"><span class='ocrx_word' id='word_1_166' title='bbox 142 2976 315 3129; x_wconf 61' lang='lat' dir='ltr'><strong>ilrigcnem</strong></span> <span class='ocrx_word' id='word_1_167' title='bbox 342 2978 501 3110; x_wconf 59' lang='lat' dir='ltr'><strong>noinulla</strong></span> <span class='ocrx_word' id='word_1_168' title='bbox 528 3044 628 3112; x_wconf 89' lang='lat' dir='ltr'><strong>etiam</strong></span> <span class='ocrx_word' id='word_1_169' title='bbox 656 3044 694 3108; x_wconf 90' lang='lat' dir='ltr'><strong>de</strong></span> <span class='ocrx_word' id='word_1_170' title='bbox 711 3005 781 3110; x_wconf 71' lang='lat' dir='ltr'><strong>²suo</strong></span> <span class='ocrx_word' id='word_1_171' title='bbox 799 2979 943 3112; x_wconf 50' lang='lat' dir='ltr'><strong>cAddidit.</strong></span> <span class='ocrx_word' id='word_1_172' title='bbox 994 3045 1059 3113; x_wconf 83' lang='lat' dir='ltr'><strong>Est</strong></span> <span class='ocrx_word' id='word_1_173' title='bbox 1087 3050 1157 3115; x_wconf 85' lang='lat' dir='ltr'><strong>eius</strong></span> 
     </span>
     <span class='ocr_line' id='line_1_29' title="bbox 141 3130 1157 3218; baseline 0.008 -23"><span class='ocrx_word' id='word_1_174' title='bbox 141 3134 174 3196; x_wconf 90' lang='lat' dir='ltr'><strong>et</strong></span> <span class='ocrx_word' id='word_1_175' title='bbox 197 3130 249 3197; x_wconf 75' lang='lat' dir='ltr'><strong>‘ad</strong></span> <span class='ocrx_word' id='word_1_176' title='bbox 274 3130 516 3199; x_wconf 77' lang='lat' dir='ltr'><strong>Constantium’</strong></span> <span class='ocrx_word' id='word_1_177' title='bbox 539 3132 683 3218; x_wconf 87' lang='lat' dir='ltr'><strong>libellus,</strong></span> <span class='ocrx_word' id='word_1_178' title='bbox 705 3153 801 3218; x_wconf 89' lang='lat' dir='ltr'><strong>quem</strong></span> <span class='ocrx_word' id='word_1_179' title='bbox 824 3132 946 3199; x_wconf 84' lang='lat' dir='ltr'><strong>viventi</strong></span> <span class='ocrx_word' id='word_1_180' title='bbox 967 3133 1157 3203; x_wconf 80' lang='lat' dir='ltr'><strong>Constanti·</strong></span> 
     </span>
    </p>
   </div>
   <div class='ocr_carea' id='block_1_10' title="bbox 139 3269 1157 3397">
    <p class='ocr_par' dir='ltr' id='par_1_16' title="bbox 139 3269 1157 3397">
     <span class='ocr_line' id='line_1_30' title="bbox 212 3269 1157 3341; baseline 0.004 -16"><span class='ocrx_word' id='word_1_181' title='bbox 212 3275 228 3325; x_wconf 75' lang='lat'>2</span> <span class='ocrx_word' id='word_1_182' title='bbox 246 3269 357 3326; x_wconf 69' lang='lat' dir='ltr'><strong>Eamne</strong></span> <span class='ocrx_word' id='word_1_183' title='bbox 371 3270 582 3341; x_wconf 82' lang='lat' dir='ltr'><strong>inscriptionem</strong></span> <span class='ocrx_word' id='word_1_184' title='bbox 626 3279 658 3328; x_wconf 80' lang='lat'><strong>13</strong></span> <span class='ocrx_word' id='word_1_185' title='bbox 677 3271 788 3330; x_wconf 83' lang='lat' dir='ltr'><strong>Bamb.:</strong></span> <span class='ocrx_word' id='word_1_186' title='bbox 804 3271 956 3328; x_wconf 84' lang='lat' dir='ltr'><strong>Thimucus</strong></span> <span class='ocrx_word' id='word_1_187' title='bbox 993 3278 1027 3329; x_wconf 79' lang='lat'><strong>28</strong></span> <span class='ocrx_word' id='word_1_188' title='bbox 1043 3275 1157 3332; x_wconf 87' lang='lat' dir='ltr'><strong>Bamb.:</strong></span> 
     </span>
     <span class='ocr_line' id='line_1_31' title="bbox 139 3340 452 3397; baseline 0.01 -4"><span class='ocrx_word' id='word_1_189' title='bbox 139 3340 175 3395; x_wconf 86' lang='lat' dir='ltr'><strong>de</strong></span> <span class='ocrx_word' id='word_1_190' title='bbox 193 3358 243 3397; x_wconf 85' lang='lat' dir='ltr'><strong>suo</strong></span> <span class='ocrx_word' id='word_1_191' title='bbox 262 3359 345 3396; x_wconf 86' lang='lat' dir='ltr'><strong>sensu</strong></span> <span class='ocrx_word' id='word_1_192' title='bbox 364 3341 452 3397; x_wconf 85' lang='lat' dir='ltr'><strong>edidit</strong></span> 
     </span>
    </p>
   </div>
   <div class='ocr_carea' id='block_1_11' title="bbox 0 0 1216 3878">
    <p class='ocr_par' dir='ltr' id='par_1_17' title="bbox 0 0 1216 3878">
     <span class='ocr_line' id='line_1_32' title="bbox 0 0 1216 3878; baseline 0 0"><span class='ocrx_word' id='word_1_193' title='bbox 0 0 1216 3878; x_wconf 95' lang='lat' dir='ltr'><strong> </strong></span> 
     </span>
    </p>
   </div>
  </div>
 </body>
</html>
