2400 3878
541 271 779 336 -108-

158 416 233 498 post
255 415 409 498 quattuor
427 412 550 496 priores
569 411 625 497 qui
644 418 902 498 composuerunt,
925 415 959 480 id
983 419 1035 481 est
1048 415 1157 501 Hippo

157 505 278 586 lytum,
299 500 491 585 Eusebium,
513 500 729 584 Theophilum
753 505 786 566 et
808 501 1014 589 Prosperum,
1042 510 1075 569 et
1102 526 1160 588 per·

157 591 264 657 tandit
286 612 445 656 annorum
470 589 584 655 seriem
612 611 715 675 usque
743 591 784 655 ad
808 611 931 656 annum
953 593 1160 678 quingentesi-

158 702 246 744 mum
269 679 473 767 trigeaimum
497 678 686 763 secundum,
707 679 756 745 ita
777 683 815 744 ut
832 680 1093 766 quingentesimo
1113 680 1160 746 tri·

124 770 285 854 agesimo
316 768 416 833 tertio
448 789 534 834 anno
566 766 730 851 paschalis
764 768 935 853 reincipiat
967 769 1160 835 sollemnitas

160 858 271 923 eodem
295 878 406 923 mense
430 860 464 924 et
482 856 533 922 die
555 855 730 940 eadamque
747 857 839 942 luna,
858 878 923 942 qua
940 857 1083 942 primum
1101 880 1159 942 pas·

159 947 207 1011 aio
231 967 269 1011 ao
291 945 483 1012 resurrectio
506 944 678 1010 Dominiea
701 943 789 1011 faeta
811 949 870 1011 est

494 1109 575 1201 oap.
603 1106 831 1182 cxxxix

249 1246 481 1326 Theodoritus,
513 1243 591 1331 Cyri
632 1247 774 1313 civitatis
811 1249 994 1333 episcopua,
1022 1245 1059 1337 (a
1086 1247 1162 1334 (lyra

106 1351 140 1402 10
161 1335 263 1418 enim,
288 1356 366 1420 rega
388 1334 575 1419 Persarum,
605 1334 734 1401 condita
764 1340 873 1403 servat
898 1335 1062 1423 hodieque
1089 1336 1163 1422 apud

161 1423 289 1509 Syriam
317 1444 440 1489 nomen
467 1420 623 1508 auctoris)
650 1423 769 1490 dieitur
795 1425 962 1511 scripsisse
984 1428 1104 1514 multa,
1132 1424 1164 1491 ai

159 1534 264 1578 meam
293 1515 404 1578 tamen
431 1512 583 1578 notitiam
609 1512 674 1577 ista
703 1517 792 1597 sunt,
819 1519 1097 1599 quosvenerunt:
1123 1514 1164 1578 ‘da

160 1601 382 1668 incarnatione
406 1599 551 1666 Domini'
576 1601 729 1668 adversus
753 1600 925 1687 Eutychen
946 1603 1165 1689 presbyterum

160 1694 193 1755 et
216 1688 424 1774 Dioscurum,
446 1689 663 1755 Alexandriae
692 1690 892 1775 episcopum,
919 1691 975 1776 qui
997 1691 1166 1758 humanam

108 1793 141 1843 1⁶
160 1779 195 1842 in
219 1777 351 1845 Christo
379 1799 509 1848 earnem
537 1777 638 1844 fuisse
665 1782 805 1865 negant,
829 1780 950 1864 scripta
972 1779 1088 1864 fortia,
1117 1801 1166 1865 per

162 1889 245 1952 quae
268 1867 438 1934 confirmat
461 1872 494 1932 et
516 1867 642 1933 ratione
666 1869 700 1932 et
722 1867 919 1936 testimoniis
943 1868 1168 1953 scripturarum

161 1957 209 2021 ita
221 1955 313 2021 illum
333 1961 499 2022 maternae
513 1976 623 2022 veram
642 1956 845 2022 substantiae
863 1977 993 2022 carnem
1011 1956 1190 2038 habuisses

162 2065 259 2130 quam
281 2065 320 2108 ex
343 2049 447 2111 matre
470 2042 605 2130 Virgine
634 2047 786 2128 sumpsit,
814 2044 899 2111 sicut
920 2050 954 2111 et
976 2066 1088 2112 veram
1110 2045 1167 2111 dei·

162 2135 277 2217 tatem,
299 2153 398 2218 quam
422 2137 552 2198 aemma
574 2132 795 2200 nascibilitate
809 2131 880 2200 Deo
903 2133 1002 2200 Patre
1020 2135 1168 2221 gignente

106 2235 140 2287 20
162 2222 233 2306 ipse
255 2221 416 2288 nascendo
440 2222 573 2306 accepit.
619 2221 703 2288 Sunt
725 2228 758 2288 et
780 2222 890 2288 decem
913 2222 983 2288 aius
1006 2221 1167 2289 ‘historiae

164 2309 410 2375 ecclesiasticaa'
438 2311 530 2390 libri,
564 2331 644 2393 quos
677 2310 823 2378 imitatus
850 2309 1031 2376 Eusebium
1061 2309 1168 2379 Gaesa-

161 2399 300 2463 riensem
329 2398 520 2483 conscripsit
547 2398 704 2484 incipiens
729 2422 749 2464 a
771 2400 835 2465 fine
858 2398 1017 2465 librorum
1038 2398 1169 2466 Eusebii

160 2507 265 2572 usque
293 2486 334 2552 ad
362 2509 456 2552 auum
478 2492 622 2573 tempus,
651 2488 769 2573 idest,
798 2510 818 2552 a
844 2487 1069 2554 vicennalibus
1092 2487 1171 2555 Con·

163 2575 298 2640 stautini
321 2597 422 2660 usque
446 2576 486 2641 ad
514 2575 684 2662 imperium
707 2575 827 2642 Leonis
850 2577 1001 2662 senioris,
1025 2576 1086 2643 sub
1110 2597 1170 2662 quc

106 2676 140 2726 26
161 2666 194 2728 et
216 2667 365 2728 mortuus
388 2666 447 2729 est.

575 2757 657 2848 Gap.
679 2756 755 2828 XO.

251 2891 454 2978 Gennadius,
469 2891 851 2979 Constantinopolitanae
875 2895 1028 2961 eeclesiae
1051 2896 1172 2981 episco-

159 3003 236 3064 pus,
259 2982 310 3046 vir
332 2982 444 3066 lingua
466 2982 590 3047 nitidus
614 2986 648 3047 et
665 2982 797 3068 ingenio
817 3005 905 3068 acer,
927 2987 997 3048 tam
1021 2983 1112 3051 diues
1134 3005 1171 3050 ax

160 3071 300 3135 lectione
329 3071 538 3155 antiquorum
560 3071 638 3156 fuit,
665 3074 702 3136 ut
724 3070 894 3138 Danielem
915 3071 1113 3156 prophetam
1135 3094 1171 3137 ex

105 3169 141 3221 ao
159 3157 287 3244 integro
311 3158 352 3222 ad
375 3159 509 3224 verbum
532 3163 769 3226 commentatus
793 3163 975 3244 exponeret.
1011 3159 1171 3227 Homilias

160 3246 259 3310 etiam
287 3247 407 3312 multas
437 3248 628 3333 composuit
673 3247 813 3314 Moritur
834 3247 941 3315 Leone
965 3249 1092 3316 seniore
1115 3250 1170 3314 im·

159 3335 285 3417 parium
307 3338 450 3400 tenente.

158 3453 272 3578 5⁸¹⁰&
315 3461 334 3537 Ι7
345 3454 564 3540 ,Βοιμερτίιῃαι
588 3455 712 3540 9Bamb.
723 3456 856 3513 etBern.:
869 3456 1033 3540 Tneodorus
1053 3528 1060 3542 .
1078 3458 1167 3542 Berua

181 3541 279 3594 yprrae
298 3527 421 3581 curtatus
439 3543 600 3596 provinciae
620 3527 715 3598 Syriae
792 3528 1170 3585 ttNonmb.=v101nahbus
