2400 3878
495 92 736 158 ..104-

114 231 178 386 ἑῖἀ
196 253 257 319 ego
274 254 342 299 non
359 234 434 322 legi.
465 233 604 301 Moritur
617 233 726 301 Leone
744 237 778 299 et
790 231 973 300 Maioriano
991 253 1121 319 regnan·
1171 257 1194 301 a

164 343 210 386 us.
1197 358 1200 382 ε

208 607 399 673 Vincentius
427 609 606 693 presbyter,
636 607 769 673 natione
790 605 920 693 Gallus,
947 608 983 672 in
1012 607 1124 674 divinis
1182 626 1184 649 ³

83 714 100 762 o
120 695 289 780 scripturis
304 696 507 779 exercitatus,
524 697 672 782 linguam
692 695 816 762 habens
834 717 897 761 usu
919 695 1075 782 loquendi
1096 700 1124 761 et
1173 683 1191 748 ft

120 784 242 850 maiore
264 784 403 850 lectione
422 784 560 870 politam
578 786 815 852 commentatus
833 788 885 850 est
901 783 948 849 ‘in
965 782 1124 868 psalmos'.
1172 792 1182 834 ¹1

118 870 217 938 Cuius
240 872 346 957 operis
368 874 451 960 legit
474 873 584 959 aliqua
604 873 732 939 homini
748 872 811 939 Dei
833 871 977 940 cannati
1000 895 1053 939 me
1075 895 1123 940 an·
1177 890 1180 916 ·

120 960 242 1046 diente,
269 963 463 1046 promittens
491 962 601 1048 simul,
629 962 656 1028 si
680 961 842 1030 Dominus
863 963 966 1030 vitam
988 964 1024 1027 et
1046 961 1123 1027 vires
1174 948 1193 1013 lt

120 1049 222 1133 daret,
245 1071 278 1115 se
301 1050 337 1114 in
359 1053 430 1116 toto
452 1051 607 1135 psalterio
630 1050 743 1118 eodem
767 1050 875 1116 studio
897 1050 1123 1117 laboraturum.
1175 1037 1190 1190 {i

64 1317 99 1365 10
472 1284 553 1376 Gap.
577 1283 787 1357 LXXXII.

208 1420 326 1508 Cyrus,
344 1443 461 1510 genere
475 1421 725 1503 Alexandrinus,
743 1425 813 1487 arte
830 1419 984 1505 medicus,
1002 1442 1044 1486 ex
1060 1420 1128 1506 phi-

118 1511 257 1596 losopho
279 1511 473 1596 monachus,
492 1512 542 1576 vir
564 1510 690 1577 dicendi
711 1511 845 1596 peritus,
867 1508 1000 1595 scripsit
1023 1509 1130 1576 adver·
1185 1514 1200 1577 l.

120 1622 176 1666 sus
189 1599 378 1667 Nestorium
396 1601 485 1686 prius
506 1601 672 1685 eleganter
690 1604 725 1665 ct
741 1598 877 1680 fortiter,
894 1599 992 1668 modo
1011 1602 1130 1683 autem,
1192 1633 1196 1659 ;

120 1689 198 1754 dum
220 1688 372 1754 inillam
398 1689 518 1754 nimius
545 1688 711 1754 invehitur
737 1691 772 1754 ct
796 1686 997 1774 syllogismis
1024 1687 1130 1774 magis
1175 1692 1197 1799 4'

67 1795 101 1844 ro
121 1799 219 1864 quam
246 1778 414 1863 scripturis
442 1778 558 1864 agitur,
581 1776 855 1843 ‘Phimotheanum
882 1775 1001 1862 dogma
1023 1775 1131 1843 lovere

119 1866 235 1951 coepit.
279 1865 427 1951 Denique
459 1864 631 1952 ambiguus
659 1866 757 1932 etiam
785 1867 836 1932 sui
867 1862 1039 1948 suspendit
1066 1863 1131 1930 ani-

119 1976 209 2020 mum
224 1976 244 2019 a
257 1975 416 2021 consensu
430 1950 702 2022 Chalcedonensis
716 1955 837 2022 decreti
853 1974 914 2021 nec
927 1952 1131 2038 acquiescen-

120 2042 197 2108 dum
210 2045 307 2128 putat
318 2042 438 2109 lilium
454 2043 516 2109 Dei
535 2043 659 2110 duabus
677 2048 755 2130 post
774 2041 1035 2110 incarnationem
1058 2062 1132 2109 con·

121 2135 208 2197 stare
229 2132 363 2199 naturis.

67 2316 101 2365 20
452 2278 535 2371 cap.
562 2277 806 2350 axxxrrr..

211 2415 356 2500 Samuel,
369 2415 556 2482 Edessenae
579 2415 733 2482 ecelesiae
754 2416 931 2501 presbyter,
953 2415 1059 2481 multa
1080 2415 1132 2482 ad-

64 2516 67 2520 ’
124 2526 236 2571 versus
259 2505 412 2573 ecclesiae
434 2504 583 2572 inimicos
597 2503 682 2589 Syro
706 2525 854 2572 sermone
876 2506 1064 2570 mnatrucre
1086 2504 1132 2570 ‹li-

26 2626 28 2630 ⁴
121 2595 219 2677 citur,
248 2594 421 2681 praecipua
447 2596 556 2659 tamen
579 2594 761 2660 intentione
783 2596 897 2659 contra
918 2589 1133 2660 Nestorianoe

122 2687 155 2750 et
185 2678 409 2770 Eutychianos
442 2686 476 2748 et
505 2681 740 2749 Timotheanos
777 2682 923 2753 novellos
973 2680 1030 2746 sed
1070 2680 1132 2747 sibi

67 2774 102 2824 2⁵
119 2771 267 2840 diversos
289 2771 458 2839 hereticos.
499 2769 593 2837 Unde
615 2775 648 2836 et
671 2769 857 2856 frequenter
878 2730 1062 2847 trilormem
1080 2769 1132 2834 be·

123 2861 219 2926 stiam
243 2860 462 2928 ecclesiastica
489 2859 623 2925 insemel
651 2859 813 2925 sententia
839 2880 913 2924 cum
936 2858 1134 2935 auctoritate

196 3059 211 3106 1
230 3052 341 3110 Bamb.=
362 3051 504 3108 Marciano
600 3051 730 3108 ⁷Bern.=
748 3049 892 3107 cannatae
983 3053 1018 3104 14
1035 3045 1133 3105 Bamb.

124 3127 153 3178 et
170 3123 287 3182 Veron:
306 3124 336 3178 in
354 3122 405 3178 illo
423 3121 515 3178 minus
532 3122 685 3191 inreritum
704 3121 801 3178 Rern:
818 3121 849 3176 in
866 3119 917 3175 illo
934 3117 1040 3176 nimius
1056 3119 1134 3175 inre·

120 3195 197 3250 nitur
278 3199 312 3250 lo
330 3190 430 3250 Bamb.
448 3195 478 3248 et
495 3191 699 3261 Bern:,auetcr
776 3198 812 3247 24
829 3192 924 3246 Berne
947 3189 1008 3247 sive
1026 3189 1065 3246 ad
1177 3186 1194 3222 ³

122 3270 157 3320 26
176 3266 288 3322 Bomos
312 3263 531 3320 ecclesiasticam
553 3265 640 3320 semel
658 3264 842 3332 sententiam
869 3260 951 3316 Bern.
970 3265 1000 3318 et
1017 3259 1131 3318 Veron:
1186 3288 1189 3309 ι

121 3333 312 3394 ecclesiastica
329 3333 359 3389 in
378 3335 464 3390 semel
482 3334 634 3403 sententia;
653 3334 781 3404 (insemel
800 3359 834 3383 ι·
852 3330 977 3401 maimnl)
1186 3334 1189 3341 '
