2400 3878
538 77 765 142 ..gg.„.

501 256 583 350 cap.
614 255 805 328 xxxrx.

230 393 435 479 Augustinus
463 391 555 477 Afer,
583 392 806 479 Hipponensis
836 394 948 480 oppidi
980 397 1153 483 episcopus,
1197 426 1199 450 ·

141 483 190 547 vir
204 481 384 548 eruditione
398 481 508 546 divium
522 487 556 548 et
572 481 716 548 humana
729 482 801 548 orbi
814 482 929 568 clarus,
947 482 1013 550 lida
1026 485 1156 571 integer,
1193 515 1195 537 ι

142 572 211 635 vita
232 592 333 655 purus
352 570 489 654 scripsit,
513 574 636 655 quanta
657 592 717 635 nec
735 571 873 637 inveniri
896 576 1045 656 possunt.
1082 573 1155 650 Quis
1194 600 1197 624 ι

106 659 229 725 oenim
252 660 410 745 glorietur
432 659 544 724 omnia
566 681 600 724 se
618 659 706 724 illius
723 657 866 724 habere?
888 663 946 724 aut
968 660 1044 746 quis
1066 665 1155 726 tanto
1196 689 1200 713 ε

142 747 250 813 studio
274 747 371 832 legat,
393 752 516 831 quanto
538 747 596 813 ille
619 747 771 832 scripsit?
807 746 920 814 Edidit
941 750 1042 814 etiam
1065 771 1156 815 senex

141 857 222 919 quos
255 835 380 900 iuuenis
412 838 565 921 coeperat
596 834 646 900 ‘da
678 834 851 902 Trinitato'
883 836 985 903 libros
1017 837 1095 918 XV,
1126 839 1157 902 in

142 923 269 1008 quibus,
287 928 325 988 ut
344 923 505 1007 scriptura
523 924 578 1005 ait,
596 924 800 989 introductus
817 923 852 989 in
871 925 1055 992 cubiculum
1073 927 1157 1012 regis

142 1016 176 1076 et
202 1011 371 1077 decoratus
398 1017 487 1078 vesto
514 1011 696 1079 multifaria
722 1012 901 1097 sapientiae
923 1012 985 1078 Dei
1001 1012 1159 1101 :exhibuit

89 1116 123 1167 ιο
142 1101 310 1167 ecclesiam
336 1121 404 1166 nou
426 1100 602 1167 habentem
624 1101 784 1166 maculam
807 1103 864 1165 aut
885 1122 1001 1187 rugam
1025 1105 1083 1168 aut
1105 1103 1158 1168 ali·

141 1188 218 1274 quid
233 1189 398 1255 eiusmodi.
426 1189 476 1255 De
490 1189 712 1256 incarnatione
722 1188 854 1255 Domini
868 1211 996 1275 quoque
1008 1191 1158 1258 idoneam

141 1277 243 1343 edidit
276 1277 445 1362 pietatem,
481 1278 520 1343 de
555 1277 789 1344 resurrectione
823 1277 919 1343 etiam
955 1283 1158 1346 mortuorum

142 1366 240 1432 simili
263 1365 404 1432 cucurrit
425 1366 620 1451 sinceritate,
641 1366 719 1432 licet
740 1367 846 1431 minus
870 1367 1045 1451 capacibus
1069 1367 1158 1435 dubi·

141 1456 301 1521 tationem
323 1454 363 1520 de
386 1454 542 1521 abortivis
565 1454 687 1521 fecerit

89 1691 123 1743 ro
553 1669 636 1762 Cap.
667 1669 747 1743 XL.

230 1806 364 1874 Orosius
390 1808 563 1893 presbyter
590 1806 732 1892 Hispani
759 1809 901 1894 generis,
932 1808 982 1874 vir
1010 1806 1158 1896 eloquen-

140 1897 286 1962 tissimus
323 1898 357 1961 et
390 1894 602 1962 historiarum
637 1897 801 1983 cognitor,
837 1897 969 1982 scripsit
1005 1897 1159 1966 adversus

164 1985 292 2050 uerulos
329 1981 510 2051 Christiani
549 1983 705 2069 nominis,
748 1985 804 2071 qui
845 1985 957 2051 dicunt
997 1986 1158 2053 defectum

141 2007 307 2139 dumanas
329 2071 525 2158 reipublicae
548 2071 671 2142 Christi
694 2073 843 2141 doctrina
865 2075 1028 2141 invectum
1056 2075 1157 2142 libros

87 2178 123 2228 ao
142 2159 215 2247 VH,
229 2162 264 2226 in
278 2160 395 2246 quibus
409 2181 511 2249 paene
525 2162 625 2228 totius
634 2163 746 2228 mundi
760 2163 960 2229 calamitates
970 2165 1004 2228 et
1013 2163 1158 2230 miserias

142 2272 181 2316 ac
214 2250 374 2316 bellorum
405 2249 645 2334 inquietudines
680 2250 842 2335 replicans
878 2250 1022 2318 ostendit
1054 2252 1159 2339 magis

142 2337 338 2404 christianae
369 2338 593 2404 observantiae
627 2361 711 2423 esse,
746 2339 831 2425 quod
862 2342 976 2406 contra
1007 2341 1158 2406 meritum

142 2448 236 2492 suum
263 2448 315 2491 res
341 2425 492 2493 Romana
524 2426 649 2492 adhunc
682 2427 812 2493 duraret
843 2432 876 2493 et
903 2449 982 2513 pace
1014 2429 1158 2496 culturae

141 2509 205 2581 Dei
226 2519 378 2600 pacatum
396 2516 551 2582 retineret
568 2515 747 2601 imperium.
790 2513 874 2581 Sane
892 2517 927 2581 in
945 2515 1051 2601 primo
1075 2517 1157 2583 libro

214 2695 230 2743 a
249 2688 362 2745 Bamb.:
380 2687 438 2759 Hip
459 2705 530 2745 onae
547 2689 642 2760 regiae
747 2696 763 2744 ὁ
782 2689 879 2746 Bamb
899 2693 929 2747 et
946 2688 1088 2748 Norimb.2
1107 2707 1158 2762 ego

143 2766 159 2816 6
177 2759 238 2817 Hoc
257 2760 319 2816 loco
342 2707 517 2830 Norimborg.
536 2760 607 2816 haec
625 2760 710 2816 verba
728 2761 822 2816 addit:
848 2762 922 2816 unda
941 2778 975 2817 ex
993 2761 1086 2816 multa
1104 2763 1158 2818 elo·

142 2831 258 2900 quentia
280 2830 386 2887 accidit
410 2830 486 2901 quod
512 2829 584 2885 dixit
611 2848 661 2901 per
685 2832 863 2888 Salomonem
888 2831 1009 2902 Spiritus
1032 2835 1158 2888 sanatus:

143 2918 177 2957 ex
190 2901 370 2972 multiloquio
383 2920 441 2958 non
454 2900 570 2972 effugies
583 2904 731 2971 peccatum
803 2903 914 2959 Bamb..
927 2903 999 2970 iam3
1017 2902 1158 2963 Norimb:

141 2976 250 3032 tamen?
305 2973 410 3029 eslii:
429 2972 504 3042 quod
559 2977 593 3026 14
608 2972 685 3028 Vat:
704 2973 794 3043 egerit
846 2973 945 3029 Bamb.
964 2972 1087 3029 eliceret
1106 2975 1159 3030 boc

142 3043 206 3099 loco
224 3043 321 3100 Bamb.
340 3044 433 3099 addit:
452 3042 607 3098 catholicus
626 3044 793 3113 permansit;
810 3043 950 3101 Norimb.:
969 3058 1045 3099 error
1064 3046 1160 3100 tamen

142 3113 218 3170 illius
237 3119 364 3170 sermone
382 3113 486 3183 multo,
504 3116 537 3168 ut
554 3111 625 3183 diri,
645 3117 818 3185 contractus,
836 3115 915 3171 lucta
932 3114 1058 3178 hostium
1076 3131 1158 3186 erag-

162 3187 256 3241 eratus
274 3185 394 3241 necdum
411 3183 518 3240 heresis
536 3185 730 3254 quaestionem
752 3186 876 3243 absolvit
966 3191 999 3241 16
1019 3185 1158 3242 Norint:

171 3255 284 3326 'sparum
302 3271 404 3326 gauere
475 3261 511 3311 20
528 3254 640 3312 Bamb.:
659 3255 757 3312 mundi
773 3257 912 3328 tempora,
930 3255 998 3323 oat3
1017 3256 1155 3314 Norimb.=

143 3326 240 3381 mundi
258 3326 393 3397 temporis
412 3326 464 3382 cal.
538 3331 572 3382 tt
591 3325 733 3383 Notium:
752 3327 955 3384 observationis
