2400 3878
535 262 753 327 ..40-

136 409 264 471 constet
295 426 369 471 eum
397 423 499 488 usqne
527 402 568 469 ad
597 407 776 470 extremam
804 404 905 469 dmm
932 401 1150 472 Christianum

136 514 369 579 perseverasse.

553 603 636 695 Gap.
663 599 768 674 LVI.

227 741 430 820 Ambrosius,
452 741 594 827 primum
610 737 829 824 Marcionites,
851 740 927 806 dein
951 742 993 806 ab
1017 740 1152 827 Origene

86 855 102 902 s
141 834 314 914 correctus,
331 829 485 896 ecclesiae
503 828 667 913 diacorum,
689 833 723 896 et
739 829 955 896 confessionis
974 828 1151 896 dominicae

140 919 246 1005 gloria
272 918 410 1005 insignis
437 917 509 983 fuit
558 915 620 984 Oui
647 938 719 984 curn
746 915 932 984 Protooteto
964 918 1151 1004 presbytero

136 1007 219 1073 liber
241 1005 391 1092 origenis
417 1006 457 1072 de
487 1007 645 1091 martyrio
668 1006 836 1089 scribitur3
863 1004 960 1071 huius
982 1006 1151 1089 industrie,

138 1099 280 1248 surlnptp,
302 1095 522 1182 instantiaque
540 1094 671 1162 adiutus
694 1094 822 1160 infinita
839 1093 997 1180 Origenes
1021 1094 1151 1161 dictavit

137 1206 179 1249 vo
192 1205 311 1249 amma
948 1220 954 1228 ι

85 1297 119 1345 10
160 1326 162 1330 -
227 1269 290 1340 Sed
314 1277 347 1337 et
364 1273 443 1356 ipse,
465 1273 584 1358 quippe
602 1274 641 1337 ut
657 1271 706 1337 vir
723 1271 852 1355 nobilis,
872 1293 940 1338 non
958 1271 1150 1356 inelegantis

137 1359 260 1447 ingenii
281 1361 358 1443 fuit,
386 1360 471 1426 sicut
497 1362 565 1426 eius
589 1359 630 1426 ad
653 1358 828 1446 Origeuem
851 1361 1009 1446 epistulae
1033 1358 1150 1426 indicio

138 1452 223 1514 sunt.
268 1446 357 1514 Obiit
384 1451 493 1515 autem
521 1453 597 1514 ente
623 1453 762 1515 mortem
785 1448 949 1535 Origenis,
979 1454 1012 1515 et
1035 1448 1070 1513 in
1093 1448 1151 1514 hoc

137 1559 158 1602 a
184 1536 346 1622 plerisque
374 1535 631 1622 reprehenditur,
664 1536 768 1623 quod,
793 1537 845 1603 vir
870 1537 1029 1622 locuples,
1057 1536 1152 1602 amici

138 1626 225 1692 senis
248 1630 282 1690 et
304 1627 457 1711 pauperis
484 1626 626 1692 moriens
648 1626 836 1693 recordatus
858 1647 926 1691 non
949 1626 1001 1691 sit.

64 1785 68 1789 ’
87 1836 120 1886 15
529 1806 611 1899 cop.
639 1805 766 1878 affl.

226 1944 397 2028 Tryphon,
429 1943 580 2030 Origenis
608 1944 751 2024 auditor,
782 1943 823 2009 nd
850 1965 945 2030 quem
977 1943 1152 2010 nonnullae
1190 1984 1194 2017 .

137 2033 208 2098 eius
232 2037 361 2099 exstant
383 2033 549 2118 epistulae,
571 2033 606 2098 in
630 2032 799 2118 scripturis
822 2030 1059 2098 eruditissimus
1082 2031 1151 2097 fnit

76 2159 79 2163 .
138 2118 230 2197 Quod
254 2121 382 2206 quidem
406 2125 440 2186 et
466 2121 570 2187 multa
600 2121 669 2186 eiua
691 2120 831 2206 sparsim
854 2120 1031 2187 ostendunt
1059 2141 1150 2206 opus7

137 2209 224 2292 cula,
252 2209 308 2275 sed
331 2211 503 2295 praecipue
530 2210 614 2275 liber
644 2231 740 2294 quem
767 2210 951 2296 composuit
977 2209 1017 2274 ds
1041 2207 1152 2276 ‘vacca

83 2322 119 2372 20
137 2297 221 2364 nifa'
244 2299 279 2364 in
302 2297 545 2364 deuteronomio
568 2302 602 2364 et
624 2298 663 2364 de
686 2296 1049 2381 dichotomematibus,
1073 2317 1152 2384 quae

137 2408 210 2452 cunr
225 2387 376 2453 columba
387 2390 420 2451 ct
433 2389 559 2452 turture
574 2386 785 2453 abAbraham
801 2392 969 2474 ponrmtur
981 2386 1017 2451 in
1027 2384 1151 2452 Genesi.

517 2585 600 2677 sap.
629 2583 779 2657 avire.

225 2722 386 2789 Minucius
401 2720 502 2806 Felix,
515 2721 639 2789 Romae
657 2723 798 2809 insignis
816 2722 1006 2805 causidicus,
1020 2721 1152 2807 scripsit

138 2811 303 2898 dialogum
316 2808 494 2878 Christiani
512 2814 547 2877 at
565 2811 686 2878 ethnici
705 2810 912 2896 disputantis,
929 2811 985 2897 qui
999 2808 1153 2876 Octavius

84 2926 118 2974 25
138 2899 335 2966 inscribitur.
381 2896 443 2966 Sed
466 2901 499 2965 ct
521 2899 605 2966 alius
633 2900 693 2967 sub
721 2899 852 2966 nomine
875 2898 944 2965 eius
972 2897 1075 2965 fertur
1099 2897 1153 2964 ‘de

136 2987 220 3055 fato'
242 2988 293 3055 rel
317 2988 442 3055 ‘contra
469 2986 737 3066 mathematicos,
764 2986 834 3074 qui,
860 3009 933 3054 cum
962 2987 1005 3052 sit
1027 2990 1061 3052 et
1083 2987 1153 3073 ipse

209 3169 226 3218 6
244 3163 356 3218 Bamb.2
375 3161 422 3218 cui
435 3178 499 3218 cum
513 3161 660 3220 'l'lreotieto
678 3162 842 3232 presbytero
860 3161 933 3216 liber
948 3203 954 3215 .
1015 3160 1154 3217 scribitur.

138 3233 226 3289 Enim
249 3233 389 3290 industria
406 3235 437 3289 et
459 3237 571 3315 sumptu
589 3236 620 3289 et
635 3231 771 3289 instantia
795 3237 826 3289 et
853 3232 946 3289 adhuc
968 3232 1080 3287 infinita

136 3304 215 3360 Vnt:
224 3321 291 3360 nam
305 3303 575 3360 cnm*'l'lreoct1sto
589 3305 752 3375 presbytero
761 3302 835 3359 liber
849 3303 977 3375 origenis
992 3345 998 3358 .
1011 3345 1035 3359 ..
1050 3302 1154 3359 scribe·

136 3377 227 3443 retur,
245 3374 328 3431 huius
345 3374 485 3431 industria
504 3416 511 3430 .
527 3417 532 3430 .
548 3417 555 3431 .
574 3374 729 3445 perlectum
748 3376 791 3430 est
808 3376 838 3430 et
855 3374 891 3430 ad
909 3374 984 3429 hunc
1003 3414 1055 3431 ...

136 3452 182 3572 {sch
190 3443 301 3571 Bpmba
320 3463 376 3503 non
390 3448 440 3501 est*
541 3451 574 3502 16
588 3443 666 3501 vas:
685 3445 798 3501 adiutor
909 3451 941 3499 21
959 3443 1098 3500 Norunt:
1118 3445 1154 3498 ab

183 3533 214 3572 ra
235 3531 300 3573 amo
