2400 3878
543 88 762 152 ..84-

144 227 233 293 tione
251 189 386 294 Domini
407 229 455 294 ita
473 228 612 314 scripsit,
634 232 672 295 ut
691 228 897 295 manentibus
915 230 951 295 in
974 252 1013 298 eo
1038 181 1170 301 duabus*

145 316 271 382 naturis
293 337 359 382 une
381 316 531 383 eradatur
552 316 628 384 Filii
650 317 712 384 Dei
734 339 881 402 persona

513 499 595 590 Cap.
627 497 796 570 XXVII.

234 635 374 702 Ursinus
388 634 566 701 monachus
584 635 714 720 scripsit
731 635 964 722 adversanos,
982 639 1039 723 qui
1052 640 1164 726 rebap-

110 723 292 792 otizandos
319 724 477 790 hereticos
509 722 701 808 decernunt,
735 725 853 792 docens
883 747 949 810 ..neo
980 727 1163 814 legitimum

145 833 215 878 esse
237 833 296 878 nec
317 812 387 878 Deo
409 812 554 899 dignum,
576 813 774 898 rebaptizari
796 814 870 880 illos
892 815 949 900 qui
972 815 1008 881 in
1030 818 1163 884 nomine

146 901 335 985 simpliciter
363 900 484 968 Christi
516 902 567 966 vel
598 900 634 967 in
664 903 795 970 nomine
820 902 928 970 Patris
961 908 996 970 et
1020 903 1100 972 Filii
1132 911 1163 972 et

146 987 286 1072 Spiritus
309 989 426 1071 sancti,
449 991 597 1076 quamvis
619 1013 720 1076 pravo
743 1012 841 1058 sensu
864 991 1085 1080 baptizentur,
1109 995 1163 1062 sod

144 1080 221 1161 post
243 1081 374 1143 sanctae
392 1077 564 1144 Trinitatis
588 1084 621 1144 et
639 1079 762 1147 Ohristi
784 1080 964 1166 simplicem
988 1082 1163 1150 confessio

93 1183 126 1238 ιο
145 1186 219 1230 nem
243 1165 389 1321 suffrigere
417 1166 618 1234 adsalutem
641 1190 756 1234 manus
782 1169 1026 1252 impositionem
1054 1173 1163 1240 catho-

145 1254 200 1319 lioi
223 1275 296 1320 sace
335 1255 407 1320 otis.

502 1367 584 1458 cap.
616 1366 809 1439 XXVIII

233 1500 395 1569 Macarius
423 1504 506 1568 alter
533 1502 713 1569 monachus
741 1505 871 1590 scripsit
896 1507 931 1572 in
954 1507 1034 1574 urbe
1058 1507 1163 1576 Roma

147 1590 312 1658 ‘adversus
340 1590 598 1658 mathematicos’
621 1591 735 1677 hirnea,
761 1594 797 1658 in
827 1617 890 1680 quo
918 1595 1031 1662 labore
1059 1599 1163 1665 orien-

95 1699 128 1749 15
148 1680 261 1747 talium
286 1681 446 1766 quaesivit
468 1681 586 1747 solatia
609 1680 848 1766 scripturarum.

524 1862 606 1953 Gap.
637 1862 787 1934 XXIX.

232 1998 439 2085 Heliodorus,
452 1997 676 2065 Antiochenus
696 2000 875 2086 presbyter,
889 2001 992 2068 edidit
1006 2003 1046 2069 de
1064 2005 1161 2094 virgi·

144 2090 246 2154 nitate
261 2089 427 2176 egregium
441 2091 474 2154 et
483 2089 605 2155 sanctis
615 2089 784 2173 scripturis
797 2091 993 2157 instructum
1003 2092 1163 2161 volumen

538 2270 621 2360 Cup.
653 2268 779 2342 XXX.

92 2427 127 2476 20
234 2405 412 2490 Iohannes,
440 2406 822 2492 Constantinopolitanae
850 2409 1036 2496 episcopus,
1063 2411 1162 2478 adrni-

144 2495 266 2562 randae
298 2496 452 2561 scientiae
484 2496 535 2561 vir
564 2500 598 2560 et
624 2494 672 2560 ita
703 2516 741 2560 ac
773 2497 945 2563 sanctitate
975 2497 1162 2567 hominibus

144 2584 331 2669 imitandus,
354 2583 485 2669 scripsit
507 2583 610 2648 multa
632 2587 666 2648 et
686 2581 781 2650 valde
808 2586 991 2652 necessaria
1012 2589 1163 2656 omnibns

145 2672 186 2737 ad
214 2672 323 2738 divine
345 2672 594 2758 properantibus
616 2672 773 2756 praemia3
806 2694 823 2738 e
846 2674 963 2759 quibus
992 2680 1070 2742 snnt
1091 2677 1163 2744 illa:

147 2761 197 2825 ‘de
221 2764 468 2847 compunctione
491 2757 628 2827 animae’
653 2761 737 2826 liber
758 2783 859 2846 unus,
882 2761 1056 2830 ‘neminem
1078 2765 1163 2832 laedi

93 2850 211 2918 annisi
238 2873 258 2915 a
285 2854 388 2917 semet
415 2849 514 2936 ipso',
540 2849 587 2915 ‘in
613 2849 742 2915 laudem
773 2850 861 2916 beati
888 2851 981 2917 Pauli
1010 2852 1162 2938 apostoli'

220 2997 234 3044 1
254 2991 352 3048 Bamb.
375 2992 404 3046 et
421 2989 561 3045 Norint:
588 2989 622 3045 de
645 2988 837 3046 incarnatione
855 3006 922 3046 vero
945 2989 1000 3059 ita3
1018 2991 1118 3048 Bamb.
1137 2995 1165 3049 et

146 3061 286 3117 Norimb.:
305 3078 339 3116 ea
426 3067 458 3116 13
477 3059 574 3116 Bamb.
595 3062 624 3116 et
642 3059 783 3116 Norint:
801 3062 874 3117 alius
965 3067 999 3116 14
1016 3061 1116 3120 Bamb.
1136 3067 1165 3119 et

146 3132 286 3188 Norint:
301 3132 403 3187 librum
472 3138 505 3186 1⁷
522 3131 620 3187 Bamb.
635 3132 665 3187 et
678 3130 818 3187 Norimb.:
833 3132 866 3186 H.
881 3131 954 3190 alius
1022 3132 1163 3190 Norimb.:

147 3203 314 3260 Antiochiae
408 3209 444 3260 20
461 3202 552 3258 Huius
574 3201 707 3259 Iohannis
730 3201 825 3258 Bamb.
851 3206 880 3259 et
902 3202 1028 3259 Norimb.
1060 3205 1163 3276 aliique

148 3272 318 3331 mentionem
341 3291 396 3329 non
418 3273 532 3330 faciunt.
562 3272 662 3330 confer
681 3276 768 3345 capnt
785 3274 858 3342 XXI,
882 3274 912 3330 in
935 3291 991 3344 quo
1009 3275 1089 3330 haud
1106 3276 1162 3332 scic

148 3361 185 3402 an
202 3345 278 3403 idem
297 3347 434 3402 lohannes
448 3347 625 3402 memoretur.
