2430 3944
489 212 709 276 -91..

85 349 219 418 indiciis
242 349 277 414 in
300 350 432 416 modum
455 351 560 418 saneti
574 350 729 437 Cypriani
747 355 899 438 martyris
917 353 1104 441 praesigna-

83 444 171 506 ·tum.
206 436 385 525 Postquam
403 461 480 507 vero
499 440 660 507 hereticus
679 442 863 527 publicatus
886 448 949 528 est,
974 443 1105 529 scripsit

42 528 50 549 '
88 527 196 595 heresi
219 549 296 599 suae
319 527 471 595 faventia.

473 710 556 803 Cup.
588 710 729 784 XLIV.
842 788 844 791 .

177 846 401 933 Innocentius,
424 849 514 916 urbis
537 850 662 915 Romae
685 851 869 936 episcopus,
894 851 1024 935 scripsit
1045 849 1098 917 de·
1118 867 1135 916 5

86 940 211 1004 cretum
233 936 483 1004 occidentalium
505 939 714 1006 eeclesiarum
737 940 889 1005 adversus
908 938 1102 1024 Pelagianos

87 1026 214 1110 datum,
241 1025 327 1110 quod
354 1029 469 1111 postea
497 1049 664 1095 successor
686 1029 754 1095 eius
777 1050 862 1114 pape
884 1025 1033 1094 Zosimus
1056 1029 1102 1094 la·

85 1116 152 1180 tius
176 1115 411 1201 promulgavit.

482 1263 564 1356 Cup.
595 1263 713 1336 XLV.

176 1397 369 1486 Caelestius,
397 1405 572 1486 antequem
595 1401 728 1487 Pelagio
752 1407 975 1485 concurreret,
998 1402 1152 1468 immo10

80 1487 192 1554 adhuc
215 1488 411 1575 adulescens,
435 1491 566 1577 scripsit
588 1490 798 1575 adparentes
822 1512 898 1556 suos
922 1489 972 1555 ‘de
990 1511 1101 1555 mona-

83 1576 199 1644 sterio'
223 1578 380 1662 epistulas
398 1579 435 1643 in
453 1579 584 1644 modum
602 1579 786 1646 libellorum
805 1583 871 1644 tres
891 1579 979 1646 omni
995 1577 1101 1644 Deum

83 1665 282 1733 desideranti
304 1667 501 1733 necessarias
525 1669 678 1754 morales,
697 1668 855 1754 siquidem
879 1669 978 1734 ineis
1002 1667 1099 1734 dictio

80 1754 178 1825 nihil
195 1754 266 1820 vitii
293 1755 501 1842 postmodum
528 1758 662 1842 proditi,
689 1758 745 1823 sed
773 1760 879 1846 totum
903 1756 943 1823 ad
968 1752 1099 1823 virtutis

42 1876 56 1905 s
81 1843 330 1912 incitamentum
353 1851 581 1932 argumentum
602 1847 717 1913 tenuit.
1119 1857 1152 1908 15

467 2046 549 2138 Cup.
581 2046 721 2119 XLVI.

173 2178 319 2247 Iulianus
347 2184 531 2269 episcopm,
563 2186 613 2250 vir
642 2208 716 2252 acer
742 2187 888 2272 ingenio,
920 2184 955 2250 in
982 2183 1101 2248 divinis

78 2268 254 2353 scripturis
273 2270 397 2354 doetus,
415 2271 538 2338 Graeca
557 2279 590 2339 et
608 2273 726 2340 Latina
744 2275 858 2361 lingua
877 2272 1100 2356 scholasticus,

81 2359 278 2444 priusquam
299 2360 501 2444 impietatem
533 2361 656 2448 Pelagii
685 2363 718 2429 in
748 2386 782 2429 se
809 2363 964 2449 aperiret,
992 2361 1098 2427 clarus

80 2449 119 2513 in
142 2447 329 2516 doctoribus
353 2450 504 2515 eeclesiae
527 2451 598 2516 fuit.
635 2451 753 2518 Postea
775 2452 852 2519 vero
875 2451 1015 2517 heresim
1038 2447 1099 2515 Pe·
1118 2461 1153 2509 20

81 2536 163 2639 legii
191 2536 359 2604 defendere
375 2539 481 2642 ,nisus
513 2538 644 2642 'scripsit
671 2541 841 2607 adversum
868 2539 1098 2643 Augustinum,

81 2627 740 2783 ul”stultulullullml
757 2633 875 2804 llll
897 2626 1098 2782 {llll}

154 2894 170 2942 2
190 2888 287 2945 Bamb.
307 2891 338 2946 et
353 2890 494 2947 Norimb.:
513 2893 578 2961 post
594 2891 736 2948 hereticus
753 2892 913 2963 publicatus
963 2889 1097 2947 ssBamb.

81 2963 113 3017 et
130 2959 257 3016 Norimb.
277 2961 396 3017 addunt:
416 2964 446 3018 et
463 2962 642 3018 orientalium
711 2970 744 3019 10
763 2963 902 3020 Norint:
923 2962 1097 3018 Caelestinus

145 3031 285 3087 Norint:
303 3032 488 3104 Pelagienum
507 3034 610 3104 dogma
627 3033 783 3090 incurreret
855 3039 888 3088 m
907 3032 1019 3089 Bamb.:
1038 3033 1097 3104 epi-

79 3103 213 3160 atulam.
234 3141 240 3154 .
259 3101 351 3158 libelli
425 3110 458 3158 14
476 3103 557 3159 Vae:
576 3103 650 3159 nihil
667 3104 709 3159 ibi
726 3104 790 3161 vitii
876 3110 910 3160 15
928 3101 1097 3160 vocabulum

83 3174 304 3243 ‘argumentum'
326 3175 421 3231 inveni
439 3174 469 3230 in
484 3176 550 3231 Vat.
567 3175 598 3230 in
617 3176 709 3246 eapite
729 3175 858 3246 sequenti
874 3177 953 3246 post:
972 3174 1097 3231 lulianus

81 3245 231 3372 llius?
237 3267 244 3315 ³
258 3246 575 3373 remulus
585 3245 1097 3388 {nlltuuelulreuluz

81 3404 147 3444 acer
164 3386 195 3441 in
212 3387 328 3458 negotio
374 3387 513 3443 Norimb‚:
532 3388 604 3444 acris
622 3335 730 3458 ingenii
801 3395 834 3444 19
880 3389 918 3460 at.
938 3390 968 3443 et
985 3386 1097 3445 Bamb.:

80 3458 160 3530 prius
177 3473 246 3529 crgo
266 3473 351 3529 quam
423 3465 458 3514 23
477 3457 589 3517 Bamb.:
608 3458 755 3516 ambarum
772 3459 896 3530 partium
