2400 3878
497 123 738 188 -102-

471 321 553 414 Gap.
581 320 766 394 LXXVI.

196 457 315 523 Paulus
329 458 512 542 presbyter,
524 461 665 544 natione,
678 463 716 524 ut
730 481 769 524 ex
782 459 877 525 dictis
892 459 961 524 eius
975 461 1119 546 cognovi,

108 545 309 624 Pannonius,
338 547 468 633 scripsit
491 545 548 614 ‘de
570 548 757 635 virginitate
781 546 959 614 servanda'
982 553 1016 614 et
1039 548 1119 616 ‘cou-

107 638 210 700 temtu
234 635 362 701 mundi’
395 647 436 702 ac'
460 635 562 703 ‘vitas
591 637 797 703 institutione
824 637 876 703 vel
903 658 1031 704 morum
1055 661 1123 706 cor·

72 722 260 790 erectione'
288 725 442 792 mediocri
470 747 635 810 sermons,
663 726 720 792 scd
747 726 855 792 divino
883 727 1033 793 conditos
1057 728 1122 794 sale

107 813 189 878 duos
211 813 312 879 libros
335 814 376 880 ad
398 835 571 900 personam
594 814 761 881 cuiusdam
789 814 909 881 nobilis
933 819 968 882 et
989 814 1123 884 Ohristo

106 901 232 967 deditae
256 902 404 990 virginis,
426 902 666 988 Constantiam,
683 903 719 969 in
741 904 859 991 quibus
887 905 1039 971 meminit
1068 927 1123 992 go·

106 990 242 1070 viniani,
264 991 400 1058 heretici
422 997 456 1058 et
478 993 682 1079 voluptatum
706 1014 744 1058 ae
764 994 934 1060 libidinum
957 995 1125 1078 praedica-

107 1079 204 1165 toris,
227 1080 278 1145 cui
301 1082 337 1146 in
359 1085 489 1148 tautum
513 1081 713 1149 continentis
737 1085 770 1148 et
792 1087 902 1148 castae
925 1083 1014 1149 vitae
1032 1085 1125 1150 insti·

54 1179 88 1230 10
106 1168 190 1234 tutio
213 1170 377 1236 contraria
398 1169 520 1257 iuerat,
543 1173 580 1236 ut
602 1173 686 1238 inter
709 1170 893 1237 luxuriosas
917 1173 1031 1256 epulas
1055 1174 1124 1238 ani-

104 1278 191 1323 mam
214 1263 382 1325 eructaret.

454 1423 535 1517 Gap.
564 1423 771 1515 LXXVII.

193 1561 319 1648 Pastor,
342 1562 521 1650 episcopus,
544 1564 727 1648 composuit
749 1563 895 1629 libellum
927 1562 962 1627 in
988 1562 1123 1632 modum

105 1652 246 1737 symboli
274 1674 410 1737 parvum
437 1655 542 1719 totam
569 1674 672 1738 paene
701 1651 954 1719 ecclesiasticam
986 1651 1123 1718 credoli-

53 1748 85 1798 15
104 1745 205 1808 tatem
228 1763 287 1826 per
309 1740 489 1807 sententias
511 1742 750 1826 continentem,
778 1741 813 1806 in
840 1761 904 1826 quo
927 1739 1014 1805 inter
1038 1744 1122 1808 cete·

103 1853 157 1898 ras
185 1829 417 1916 dissensiones,
450 1851 530 1916 quas
563 1830 802 1915 praetermissis
829 1832 1000 1895 auctorum
1027 1851 1121 1896 voca-
1188 1850 1191 1857 ·

103 1920 188 2072 Ηιιίἰε
220 1919 487 2072 ῗηαῐὴεωαὺίωῒ,
514 1919 734 1986 Priscillianos
767 1940 842 1991 cum
878 1919 951 2001 ipso
988 1922 1122 1995 anctore

125 2029 245 2073 amna.

444 2154 526 2246 Cap.
554 2153 784 2225 LXXVIII.

52 2317 86 2366 20
193 2291 308 2358 Victor
327 2290 521 2377 Cartennas,
539 2290 755 2357 Mauritaniae
774 2291 916 2359 civitatis
936 2292 1121 2379 episcopus,

105 2381 236 2464 scripsit
258 2381 412 2447 adversus
435 2380 576 2447 Arianos
599 2380 719 2447 librum
741 2402 852 2466 unum,
876 2385 909 2446 et
932 2380 985 2448 ‘de
998 2381 1120 2467 'pacni-

104 2471 206 2536 tentia
232 2469 414 2556 publicani'
437 2469 585 2535 libellum
613 2492 726 2553 unum,
756 2470 791 2534 in
819 2491 886 2554 quo
914 2474 948 2536 et
973 2471 1120 2555 reguhm

104 2559 231 2626 vivendi
253 2559 496 2645 paenitentibus
518 2559 610 2624 iuxta
634 2559 865 2643 scripturarum
890 2558 1119 2624 auctoritatem

104 2649 259 2732 instituit,
282 2652 315 2714 et
338 2646 390 2714 ‘ad
409 2646 581 2713 Basilium'
606 2647 767 2735 quendam
789 2645 899 2733 ‘super
920 2649 1026 2719 morte
1048 2645 1120 2713 filii’

52 2762 85 2810 25
104 2738 357 2804 consolatorium
379 2737 526 2802 libellum
549 2759 606 2822 spe
624 2736 882 2820 resurrectionis,
904 2735 1049 2821 perfecta
1072 2737 1120 2819 in·

105 2828 283 2893 structione
306 2827 475 2892 munitum.
521 2823 682 2892 Homilias
709 2825 806 2890 etiam
831 2824 1015 2909 composuit
1036 2825 1120 2889 mul·

176 3025 191 3074 3
211 3018 323 3074 Bomb.:
341 3016 532 3074 Pcunonensis
640 3023 657 3071 4
675 3016 787 3073 Bamb.:
807 3017 1028 3086 correptionum

105 3090 251 3146 oBamb.:
269 3088 374 3146 divino.
413 3087 546 3145 Condidit
561 3105 636 3145 sans.
720 3086 849 3143 ‘1Bemn
870 3086 1053 3143 Constantios
1071 3103 1120 3144 no

103 3161 179 3216 mine
245 3167 278 3216 10
296 3160 392 3217 Rern:
411 3158 522 3215 animae
540 3161 684 3231 reputaret
697 3157 904 3214 beatitudinem
969 3163 1002 3214 1⁷
1021 3158 1119 3214 Bsrn.:

105 3231 227 3289 auctoris
242 3232 354 3287 nomine
427 3237 462 3286 20
481 3230 576 3286 Bora:
590 3230 733 3286 Ostenuae
805 3235 840 3284 22
856 3228 1024 3300 ‘publicani'
1040 3228 1120 3285 deest
1172 3228 1186 3276 J

104 3301 135 3425 {n
152 3300 249 3430 {imb'
270 3305 299 3358 et
317 3303 398 3358 Bern.
472 3299 584 3359 Bamb.:
604 3301 633 3356 in
653 3317 708 3372 quo
727 3303 756 3357 et
773 3300 872 3371 reguis
890 3299 1001 3356 vivendi
1022 3299 1118 3371 paoni-
1179 3340 1183 3387 l

119 3389 153 3427 en
196 3391 229 3430 us
1180 3402 1183 3421 .
