2430 3944
442 230 663 296 ..33-

40 371 189 458 tempus,
217 391 279 456 quo
308 375 341 436 et
367 372 437 455 ipse
464 371 587 438 scribat
612 371 746 456 librum,
778 394 816 436 ex
844 393 908 457 quo
938 373 1062 439 heresis

43 458 330 545 cataphrygarum
356 458 507 526 habuerit
535 457 711 526 exordium.
760 461 979 527 Tertullianus
1007 484 1063 528 sex

42 548 266 617 voluminibus
285 547 439 615 adversus
460 548 627 614 ecelesiam
646 549 751 635 editis,
773 570 856 635 quae
875 548 1005 635 scripsit
1023 551 1062 616 de

41 632 209 717 iserdum,
235 636 410 721 septimum
428 637 559 725 proprie
576 637 747 704 adversm
766 637 978 724 Apollonium
996 639 1060 705 ela·

43 727 191 810 boravit,
214 727 248 792 in
273 747 337 810 quo
351 726 471 809 omnia,
488 746 572 812 quae
589 725 645 792 ille
663 726 780 813 argent,
798 730 934 792 conatu
952 726 1061 793 defen·
1097 743 1114 796 o

41 815 130 882 dere.
170 811 298 880 Floruit
324 817 434 880 autem
458 812 654 899 Apollonius
679 814 740 880 sub
763 813 942 881 Commodo
966 813 1060 882 Sese·

42 926 146 988 roque
169 902 380 988 principibus.

447 1066 530 1158 Gap.
557 1065 660 1139 XLI.

134 1202 308 1288 Serapion,
338 1203 508 1270 undeeimo
536 1201 706 1272 Commodi
737 1204 941 1289 imperatoris
975 1226 1060 1270 anno

42 1291 237 1358 Antioohiae
265 1293 435 1377 episeopus
458 1292 636 1376 ordinatus,
659 1293 789 1377 scripsit
815 1293 989 1378 epistulam
1018 1293 1059 1359 ad
1081 1312 1113 1360 10

39 1381 193 1449 Getieum
225 1385 259 1446 et
286 1381 440 1447 Pontium
468 1380 507 1446 de
538 1380 645 1446 heresi
672 1380 837 1465 Montani,
865 1384 901 1446 in
929 1404 993 1467 qua
1026 1387 1060 1447 et

41 1472 105 1538 hoe
129 1468 268 1536 addidit:
291 1469 466 1536 ‘utentem
488 1469 600 1535 sciatis
618 1469 694 1535 ialsi
716 1468 813 1536 huius
832 1469 1004 1556 dogmatis,
1026 1471 1059 1537 id

42 1563 104 1643 est,
130 1579 235 1625 novae
253 1557 442 1645 prophetiae
460 1556 503 1624 ab
522 1558 612 1624 omni
631 1557 750 1624 mundo
769 1557 931 1624 insaniam
949 1580 1059 1642 repro-

43 1648 124 1733 oari,
146 1647 222 1712 misi
240 1647 333 1714 vobis
351 1646 552 1732 Apollinaris
575 1646 765 1732 beatissimi,
788 1647 844 1732 qui
864 1646 928 1712 fuit
944 1645 1058 1713 Hiera-

42 1737 110 1822 poli
134 1736 232 1801 Asiae
255 1737 439 1821 episeopus,
467 1733 616 1801 litteras'.
660 1735 714 1801 Ad
736 1735 900 1802 Domuum
922 1753 1111 1823 quoquam

41 1826 97 1912 qui
130 1824 364 1910 persecutionis
399 1827 548 1908 tempore
583 1823 624 1890 ad
655 1823 793 1890 Iudaeos
832 1823 1058 1908 deelinaverat,

41 1914 195 1979 volumen
217 1912 411 1998 composuit3
434 1915 469 1977 et
490 1911 591 1977 alium
605 1911 654 1977 ⁴de
676 1911 858 1999 evangelio,
887 1911 975 1996 quod
997 1913 1057 1978 sub

41 2003 174 2068 nomine
206 1999 295 2067 Petri
320 2001 439 2086 fertur,
468 2000 587 2066 librum
620 2000 661 2067 ad
692 2000 894 2068 Rhoeensem
925 1998 1057 2068 Oilieiae
1154 2076 1161 2088 ,

39 2091 225 2172 ecelesiam,
257 2111 339 2174 quae
370 2090 404 2155 in
435 2089 573 2155 heresim
602 2089 672 2155 eius
703 2090 840 2157 leutione
872 2089 1056 2156 diverterat

42 2179 212 2266 Legentur
243 2185 277 2244 et
304 2178 443 2263 sparsim
474 2178 589 2243 breves
615 2177 685 2243 eius
711 2179 884 2264 epistulae,
913 2180 1056 2244 auctoris
1074 2196 1109 2246 20

37 2268 88 2334 sui
111 2262 251 2352 ἀσκήσει
274 2273 308 2333 et
330 2268 416 2333 vitae
439 2269 664 2352 congruentes.

427 2481 511 2576 Gap.
542 2480 668 2554 XLII.

127 2620 333 2706 Apollonius,
352 2618 519 2686 Romanae
538 2619 627 2687 urbis
645 2624 786 2706 senator,
799 2623 859 2687 sub
874 2618 1053 2690 Commodo

35 2709 183 2796 principe
210 2730 231 2776 a
253 2730 346 2776 servo
369 2709 516 2794 proditus
538 2708 625 2794 quod
647 2706 850 2776 Christianus
872 2713 973 2795 esset,
994 2711 1053 2776 im·

37 2803 166 2884 petrato
186 2801 223 2863 ut
234 2797 396 2864 rationem
410 2797 483 2863 fidei
497 2820 575 2863 suae
588 2797 744 2883 redderet,
761 2798 889 2884 insigne
902 2798 1054 2865 volumen
1072 2811 1107 2865 st

37 2886 230 2972 composuit,
253 2885 338 2973 quod
360 2886 397 2952 in
415 2889 528 2952 senatu
552 2885 646 2973 legit,
661 2890 702 2952 et
723 2885 828 2953 nihilo
846 2887 954 2952 minus
978 2908 1051 2952 seu-

40 2976 141 3042 tentia
160 2979 291 3041 senatus
309 2997 368 3059 pro
385 2973 515 3042 Christo
530 2976 635 3060 eapite
648 2976 826 3062 truncatur,
844 2977 945 3042 veteri
964 2975 1052 3060 apud

36 3085 93 3130 eos
130 3064 298 3131 obtinente
334 3064 420 3149 lege,
461 3063 581 3146 absque
616 3063 792 3148 negatione
827 3084 895 3132 non
930 3063 1051 3130 dimitti

37 3149 256 3236 Christianos,
288 3153 343 3236 qui
370 3153 470 3218 semel
502 3152 543 3219 ad
570 3174 682 3219 eorum
709 3150 863 3218 iudicium
895 3155 1051 3237 pertracti

35 3245 152 3308 essent
1070 3277 1104 3325 3„

110 3422 123 3469 1
144 3413 256 3472 Bausta
274 3415 415 3472 scribebat
497 3416 609 3472 11Vet.
627 3414 724 3472 Bamb.
743 3417 774 3471 et
790 3413 885 3474 Rern:
904 3415 1056 3482 Carinum

35 3486 115 3544 vat:
134 3486 240 3543 heresis
312 3492 346 3543 18
363 3487 442 3545 Vst:
461 3486 603 3546 Rhosseui
673 3492 714 3545 sl
725 3485 849 3545 Baraba
861 3487 1012 3557 'imperatu

81 3582 195 3634 lindius,
208 3583 370 3638 Hieronymus.
845 3581 869 3633 b
