2430 3944
465 282 684 348 ,57-

68 419 184 506 nopoli
215 423 416 506 porrexerat,
446 426 481 488 at
511 422 594 490 alins
627 424 680 489 ‘in
705 422 952 492 (temtantium’
986 447 1082 511 quem

68 510 307 594 postmortem
329 509 399 576 eius
423 510 567 598 scripsit,
595 515 629 578 et
650 514 733 580 liber
756 510 939 579 ‘adversum
962 511 1081 580 Valen-

9 608 16 639 ¹
67 601 135 667 tem
158 604 192 666 et
208 598 399 680 Ursaeinm'‚
421 599 593 668 historiam
611 600 829 669 Ariminensis
847 605 881 667 et
899 598 1082 668 Seleucian-

70 691 116 756 sis
146 688 273 774 synodi-
289 686 472 774 continens,
503 692 538 755 et
565 689 622 755 ‘ad
648 690 849 776 praelectum
875 688 1082 757 Sallustium'

70 779 139 845 sive
163 777 293 844 ‘contra
315 775 535 862 Dioscnrunr’,
561 782 595 845 et
616 778 716 846 ‘liber
737 778 934 864 hymnorum
957 783 991 846 et
1013 801 1080 865 my·
1100 795 1116 843 e

9 936 11 945 ,
70 865 262 933 steriorum'
286 865 369 931 alius
416 870 449 932 et
472 865 713 934 ‘commentarii
739 867 774 933 in
797 866 1026 948 Matthaeum’,
1048 873 1082 933 et

9 950 13 999 ³
72 954 244 1022 ‘mactatus
263 956 298 1019 in
312 916 394 1038 lob3,
417 975 498 1041 quos
510 955 561 1022 ee
579 976 696 1043 graeco
711 955 862 1042 Origenis
885 955 927 1021 ad
950 977 1082 1022 sensum

70 1043 256 1128 transtulit,
274 1047 307 1108 et
325 1043 409 1109 alius
427 1044 560 1129 elegans
577 1044 707 1110 libellus
722 1044 847 1111 ‘eontra
861 1043 1081 1130 Auxentium',

10 1158 14 1189 ·-
69 1137 104 1199 st
135 1131 315 1198 nonnullae
346 1131 389 1198 ad
422 1131 567 1199 diversos
600 1133 767 1200 eistulae.
816 1133 922 1199 Aiunt
948 1133 1080 1220 qnidam

67 1220 236 1307 scripsisse
258 1242 332 1286 cum
354 1221 390 1287 in
416 1219 587 1288 Canticum
609 1155 834 1307 laccorum,
858 1221 914 1288 sed
937 1244 958 1287 a
984 1223 1080 1289 nohis
1100 1240 1134 1289 10

10 1324 23 1339 ··
64 1311 128 1376 hoe
150 1331 232 1395 opus
254 1310 432 1396 ignoratur.

10 1422 13 1427 ·
154 1397 302 1465 Mortuus
339 1401 391 1464 eat
426 1398 571 1465 Pictavis
603 1398 837 1466 Valentiniano
875 1402 909 1465 et
941 1398 1079 1466 Valente

64 1487 288 1574 regnantibus.

486 1579 569 1672 Gap.
601 1578 660 1653 01.

13 1724 19 1799 i
155 1716 357 1802 Victorinus,
379 1718 512 1785 natione
535 1716 630 1801 Afer,
653 1717 777 1783 Romae
800 1719 862 1785 sub
885 1717 1078 1786 Constantio
1099 1737 1132 1785 15

15 1806 19 1853 3
61 1805 208 1892 principe
235 1804 431 1872 rhetoricam
464 1807 573 1873 docuit
608 1810 643 1872 et
669 1808 704 1871 in
737 1810 884 1873 extrema
912 1811 1077 1873 senectute

63 1893 188 1962 Christi
217 1916 252 1960 se
278 1895 411 1961 tradens
433 1895 508 1961 fidei
532 1895 664 1980 scripsit
686 1894 857 1962 ‘adversus
884 1893 1015 1961 Arium’
1037 1895 1078 1960 li-

64 1984 143 2049 bros
166 2004 256 2049 more
279 1983 447 2051 dialectico
469 1983 563 2050 valde
584 1985 754 2069 obscuros,
776 1984 832 2069 qui
854 1984 919 2050 nisi
942 1984 984 2049 ab
1007 2005 1076 2050 eru·

65 2073 144 2138 ditis
163 2093 230 2139 non
248 2072 483 2159 intelliguntur,
497 2077 532 2138 et
544 2073 794 2140 commentarios
809 2071 856 2138 ‘in
869 2073 1074 2159 apostolum'.

475 2235 557 2328 Gap.
590 2235 671 2307 CII.
1095 2257 1129 2305 co

152 2373 260 2457 Titus,
288 2372 473 2440 Bostrensis
502 2375 686 2460 episcopus,
717 2374 777 2438 sub
805 2372 929 2442 Iuliano
963 2381 997 2443 ct
1024 2375 1074 2441 Io-

64 2463 162 2529 riano
184 2461 386 2547 principibus
408 2462 509 2528 fortes
531 2462 701 2529 adversum
715 2461 924 2530 Manichacus
944 2465 1076 2551 scripsit

57 2551 162 2618 libros
184 2554 218 2617 et
238 2550 398 2617 nonnulla
420 2551 494 2616 alia.
537 2549 677 2617 Moritur
699 2552 759 2616 suh
783 2549 931 2619 Valente.

461 2715 543 2808 cap.
576 2715 680 2788 0111.

154 2849 329 2937 Damasus,
355 2851 522 2919 Romanae
549 2853 639 2919 urbis
667 2855 853 2940 episeopus,
885 2856 1016 2941 elegans
1038 2857 1074 2922 in
1092 2877 1127 2926 25

56 2939 208 3005 versibus
240 2939 473 3025 componendis
503 2941 668 3027 ingenium
699 2942 816 3010 habuit
843 2945 1008 3030 multaque
1041 2951 1074 3012 et

56 3028 172 3094 brevia
196 3029 349 3113 opuscula
376 3028 506 3096 heroico
534 3035 638 3096 metro
671 3030 771 3097 edidit
799 3036 833 3097 et
860 3055 962 3120 prope
985 3038 1072 3109 octo-

56 3117 215 3203 genarius
238 3117 298 3183 sub
321 3115 507 3185 Theodosio
529 3120 677 3210 principe
699 3123 846 3186 mortuns
869 3124 927 3188 ast

462 3281 544 3375 Cap.
577 3281 672 3355 CIV.

149 3417 387 3504 Apollinemne,
415 3416 613 3486 Laodicenos
644 3418 757 3506 Syriae
785 3421 957 3508 episcopus
979 3428 1125 3509 petreae

128 3544 146 3592 3
167 3537 278 3594 Bamb.:
297 3539 421 3595 Seleucia
495 3547 530 3596 30
548 3541 661 3598 Bambc
681 3541 854 3613 Apollinaris
