2400 3878
547 261 761 323 -14„.

545 422 628 514 Cep.
656 421 763 494 VIII.

234 559 378 646 Marcus,
400 559 577 644 discipulus
606 565 640 626 et
661 561 821 645 interpres
843 559 934 626 Petri
956 562 1053 647 juxta
1076 563 1163 648 quod

145 649 277 716 Petrum
291 650 485 716 referentem
508 649 664 736 audierat,
681 653 817 736 rogatus
831 647 954 716 Romae
973 672 992 715 a
1006 650 1163 719 fratribus

144 739 240 806 breve
264 740 394 824 scripsit
410 739 624 826 evangelium.
665 737 759 816 Quod
783 760 856 805 cum
875 738 991 805 Petrus
1010 739 1164 827 audisset,

91 833 107 883 5
144 829 297 913 probavit
324 832 357 895 et
384 827 527 895 ecclesiis
549 827 723 913 legendum
746 848 805 893 sua
832 828 1024 895 auctoritate
1053 830 1162 916 edidit,

145 918 229 985 sicut
251 918 397 983 scribunt
414 916 562 984 Clemens
585 917 620 981 in
643 920 733 1000 sexto
753 911 1001 984 ὑποτυπώσεων
1019 918 1106 986 libro
1129 923 1162 987 et

144 1005 263 1092 Papias
281 1005 546 1091 Hierapolitauus
565 1006 745 1090 episeopus.
776 1003 926 1072 Meminit
943 1005 1038 1072 huius
1056 1006 1161 1076 Marci

144 1100 177 1161 et
202 1094 317 1169 Petrus
349 1096 384 1162 in
414 1095 521 1180 prima
552 1094 692 1180 epistula
723 1095 784 1160 sub
816 1095 948 1160 nomine
979 1094 1161 1181 Babylonis

143 1183 324 1270 figuraliter
354 1184 493 1250 Romam
523 1184 726 1270 significans:
759 1182 896 1249 ‘salutat
928 1205 987 1250 vos
1024 1186 1161 1252 ecclesia

93 1280 126 1328 1⁰
145 1295 227 1359 quae
246 1277 298 1340 est
319 1274 355 1339 in
372 1272 542 1359 Babylone
564 1271 706 1339 coelecta
726 1275 759 1338 et
776 1271 916 1357 Marcus,
938 1272 1024 1339 filius
1047 1273 1160 1342 meus’.

143 1365 322 1448 Assumpto
334 1363 443 1447 itaque
454 1361 626 1448 evangelio
637 1361 723 1446 quod
737 1360 807 1446 ipse
821 1361 1004 1428 confecerat
1017 1365 1161 1448 perrexit

144 1452 330 1539 Aegyptum
345 1455 378 1516 et
391 1451 532 1535 primum
547 1449 762 1515 Alexandriae
775 1447 942 1516 Christum
958 1449 1159 1519 adnuncians

144 1541 315 1608 constituit
333 1540 503 1606 ecclesiam
521 1541 615 1604 tanta
633 1538 781 1604 doctrina
798 1542 833 1603 et
844 1539 930 1605 vitae
948 1539 1161 1626 continentia,

143 1640 180 1696 ut
198 1651 309 1695 omnes
333 1632 510 1695 sectatores
528 1625 652 1694 Christi
675 1627 717 1692 ad
740 1627 922 1712 exemplum
946 1629 996 1694 sui
1018 1628 1159 1716 cogeret.

92 1720 124 1769 15
144 1718 289 1803 Denique
298 1717 426 1801 Philon,
440 1715 671 1782 disertissimus
681 1714 885 1802 Iudaeorum,
894 1717 1007 1783 videns
1017 1719 1159 1786 Alexan·

142 1807 230 1872 duae
256 1807 395 1892 primam
423 1804 591 1872 ecclesiam
619 1805 723 1871 adhuc
749 1806 966 1871 iudaiaantem
999 1809 1094 1891 quasi
1124 1809 1159 1874 in

142 1895 271 1962 laudem
307 1895 415 1980 gentis
448 1917 524 1960 suae
561 1898 595 1960 et
630 1915 727 1979 super
763 1915 874 1960 eorum
910 1897 1159 1964 conversatione

143 1985 286 2068 scripsit,
313 1988 347 2050 et
370 1983 530 2066 quomodo
553 1983 659 2048 Lucas
681 1986 794 2048 namet
816 1981 1065 2067 Hierosolymae
1093 2007 1158 2052 cre·

143 2073 256 2140 dentes
280 2073 389 2140 omnia
409 2073 562 2151 habuisse
585 2073 778 2157 commuuio,
802 2072 847 2138 sic
869 2072 924 2137 ille
943 2071 1158 2140 Alexandriae

90 2164 124 2213 20
143 2163 202 2228 sub
217 2161 328 2228 Marco
348 2161 478 2227 doctore
496 2161 566 2227 fieri
589 2160 740 2226 cernebat
758 2161 995 2246 memoriaeque
1014 2163 1157 2230 tradidit

141 2249 290 2404 {orturis
318 2253 368 2316 est
396 2253 504 2316 autem
535 2254 649 2317 octavo
672 2248 814 2316 Neronis
838 2272 923 2320 auno
952 2254 985 2315 et
1012 2253 1157 2339 sepultus

173 2340 366 2406 lexandriae.

563 2431 645 2524 Cap.
665 2431 737 2504 IX.

230 2568 393 2636 Iohannes
414 2571 589 2655 apostolus,
614 2591 709 2656 quem
723 2569 815 2635 Iesus
833 2571 954 2635 amavit
970 2571 1157 2657 plurimum,

89 2658 123 2706 25
142 2659 228 2724 filius
247 2657 404 2724 Zebedaei
423 2661 456 2721 et
474 2657 574 2723 frater
591 2658 701 2724 Iacobi
720 2658 870 2743 apostoli,
893 2681 988 2742 quem
1008 2657 1156 2726 Herodes

12 2772 17 2780 ¹
140 2752 217 2832 post
239 2747 423 2831 passionem
448 2745 582 2812 Domini
608 2747 788 2830 decollavit,
810 2745 986 2813 novissime
1009 2749 1156 2814 omnium

112 2912 115 2917 r
143 2836 271 2921 scripsit
299 2835 515 2920 evangelium,
545 2840 680 2921 rogatus
708 2835 750 2900 ab
774 2833 872 2900 Asiae
900 2836 1074 2921 episcopis,
1101 2838 1156 2903 ad·

143 2946 252 2991 versus
276 2921 466 2990 Corinthum
489 2925 634 3010 aliosque
655 2924 837 2990 haereticos
860 2927 894 2988 et
915 2924 1054 2990 maxime
1076 2928 1156 2992 tunc

140 3012 369 3079 Ebionitarum
388 3012 507 3099 dogma
525 3034 733 3099 consurgens,
750 3013 806 3098 qui
824 3015 973 3078 asserunt
988 3010 1156 3080 Christum

38 3109 41 3116 '
88 3104 123 3153 30
143 3107 218 3168 ente
241 3101 379 3168 Mariam
406 3124 474 3169 non
497 3102 608 3168 fuisse.
653 3100 745 3168 Unde
774 3100 871 3166 etiam
894 3102 1081 3185 compulsus
1105 3105 1156 3168 est

212 3247 229 3296 4
252 3241 330 3296 Vatz
349 3241 545 3310 quodcumque
644 3246 660 3296 8
680 3240 777 3296 Bamb.
796 3243 825 3296 et
842 3239 982 3295 Norimh.:
1001 3241 1082 3310 epist.
1103 3257 1156 3298 sus

141 3319 157 3366 9
173 3311 207 3368 cf.
224 3320 246 3367 1.
257 3313 331 3370 Petr.
347 3317 371 3379 1,
381 3318 407 3380 b,
419 3318 451 3368 13
503 3318 536 3367 10
552 3313 602 3368 ab:
617 3312 748 3380 collectu3
762 3310 842 3366 Vati
856 3311 1012 3368 cumelecta
1055 3316 1088 3368 18
1103 3311 1154 3368 al.:

142 3382 194 3437 ‘et’
214 3399 270 3438 non
293 3381 399 3437 habent
471 3388 503 3436 19
523 3384 572 3439 ala
596 3383 637 3440 sic
655 3385 684 3438 et
701 3382 750 3438 ille
769 3381 844 3452 quod
864 3422 914 3438 ...
934 3381 1079 3450 cernebat,
1097 3398 1155 3438 mo

141 3453 246 3509 moriae
272 3452 392 3509 tradidit
488 3459 522 3508 22
551 3454 588 3509 al.
616 3454 738 3510 addunt:
765 3451 932 3510 succedente
960 3450 1015 3508 sibi
1042 3452 1154 3510 Anisus

141 3525 259 3592 (Ausus)
331 3531 365 3581 26
385 3525 434 3580 ah:
452 3523 621 3581 novissimus
