2430 3944
451 279 691 344 -107-

59 441 135 486 nem
157 441 224 484 non
246 420 411 486 hominem
435 442 552 504 purum
570 420 734 505 genuisse,
757 421 813 504 qui
836 427 951 505 postea
974 423 1071 488 susci-

56 513 151 594 peret
178 509 395 591 divinitatem,
425 508 481 572 sed
509 503 613 574 Deum
637 530 748 573 verum
776 509 811 573 in
833 509 964 575 homine
988 533 1072 578 vero.

10 600 21 655 l
58 596 142 664 Sunt
169 620 245 663 vero
279 601 312 661 et
345 597 409 662 alia
443 597 511 662 eius
545 597 680 682 scripta,
709 619 803 682 quae,
831 598 907 682 quia
935 600 1072 666 necdum

58 687 138 772 legi,
152 686 320 753 nominare
338 685 437 751 nolui.
469 684 555 750 Viva
572 689 684 750 tamen
697 707 775 751 voce
795 686 946 772 egregius
961 687 1073 755 doctor

57 779 92 840 et
119 774 259 841 creditur
289 778 321 839 et
350 774 516 858 probatur.
563 771 701 859 Scripsit
728 778 842 858 postea
869 776 965 841 etad
989 775 1072 842 Feli·
1109 791 1124 840 5

10 920 12 927 .
57 885 129 929 cem
152 863 352 948 praefectum
371 862 525 947 praetorii
544 866 577 927 et
595 862 750 947 patriciae
768 863 939 948 dignitatis
957 866 1072 949 virum,

55 953 159 1017 filium
179 951 290 1038 Magni
309 951 461 1034 consulis,
478 951 544 1016 iam
567 951 754 1036 religiosam
773 952 946 1037 epistulam
970 955 1010 1019 ad
1032 955 1072 1019 ti-

10 1082 13 1105 :
56 1062 181 1106 morem
204 1039 267 1104 Dei
290 1039 515 1125 hortatoriam,
534 1040 779 1107 convenientem
798 1063 955 1125 personae
974 1043 1071 1128 pleno

10 1140 14 1204 l
55 1129 168 1194 animo
192 1127 426 1214 paenitentiam
450 1149 546 1213 agere
570 1129 764 1213 disponenti.

384 1291 742 1382 op.LXXXVH2
1092 1323 1125 1373 m

149 1393 267 1460 Servus
290 1393 352 1459 Dei
376 1393 545 1479 episcopus
573 1395 703 1480 scripsit
730 1396 898 1462 adversum
922 1417 993 1480 eos,
1017 1397 1072 1480 qui

55 1483 178 1570 dicunt,
210 1481 375 1549 Christum
404 1483 439 1547 in
466 1483 528 1548 hac
554 1483 623 1549 vita
656 1482 827 1570 degentem
854 1506 922 1550 non
951 1484 1071 1550 vidisse

10 1644 12 1658 Ι
56 1572 183 1639 carneis
207 1571 273 1637 suis
302 1571 405 1638 oculis
432 1569 579 1657 Patrem,
612 1571 669 1637 sed
700 1576 777 1658 post
802 1573 1070 1639 resurrectionem

10 1677 12 1684 ·
55 1682 96 1725 ex
118 1661 255 1728 mortuis
279 1664 312 1725 et
335 1660 557 1726 ascensionem
585 1661 620 1726 in
643 1661 765 1744 caelos,
793 1683 866 1726 cum
893 1663 1071 1728 translatus

56 1749 164 1814 estin
186 1749 325 1835 gloriam
348 1747 409 1814 Dei
431 1748 553 1832 Patris,
576 1749 741 1834 profectus
765 1750 888 1816 scilicet
911 1750 940 1815 ei
963 1750 1125 1817 dentiam

55 1842 91 1902 et
112 1838 405 1903 remunerationem
423 1838 588 1924 martyrii,
610 1839 645 1903 in
668 1861 733 1924 qua
751 1839 910 1923 scriptura
928 1840 1072 1905 ostendit

10 1925 90 1999 leet
113 1927 332 2011 disputatione
355 1949 414 1992 sua
437 1929 470 1993 et
489 1949 654 1994 sacrarum
674 1927 906 2013 scripturarum
925 1930 1071 1995 testimo·

54 2015 120 2080 niis
144 2014 322 2082 Dominum
345 2015 454 2081 Iesum
482 2017 524 2081 ab
551 2016 622 2102 ipso
646 2017 715 2082 eius
737 2018 895 2100 conceptu
918 2038 978 2101 per
1000 2015 1071 2102 Spi-

54 2104 154 2169 ritum
184 2107 334 2170 sanctum
361 2103 447 2171 facto
476 2108 509 2170 ct
536 2107 635 2190 partu
663 2127 702 2171 ex
725 2103 872 2191 Virgine,
895 2127 958 2190 quo
981 2104 1071 2170 Deus

53 2213 151 2258 serus
174 2193 209 2257 in
231 2193 363 2259 homine
386 2213 462 2259 vero
486 2195 557 2279 ipse
580 2215 707 2280 quoque
721 2193 828 2259 Homo
852 2191 940 2258 Deus
964 2193 1069 2261 factus
1090 2211 1123 2260 2ο

55 2284 155 2346 natus
172 2285 231 2365 est,
245 2302 372 2366 semper
385 2282 491 2348 caruis
506 2304 582 2349 suae
598 2283 699 2350 oculis
714 2286 748 2347 et
760 2281 890 2348 Patrem
905 2281 1024 2349 vidisse
1039 2287 1072 2349 et

59 2368 217 2452 Spiritum
233 2375 382 2436 sanetum
396 2392 454 2455 per
464 2371 636 2455 specialem
647 2374 680 2436 et
689 2371 814 2436 unitam
824 2370 875 2435 dei
885 2373 919 2436 et
927 2370 1070 2438 hominis

54 2458 257 2524 societatem.

376 2551 459 2643 Cup.
487 2551 758 2626 LXXXVIII.

145 2669 324 2757 Victorius,
353 2672 486 2738 natione
513 2673 709 2759 Aquitanos,
742 2672 920 2738 calculator
948 2672 1069 2757 scripu·
1088 2689 1122 2738 sc

53 2759 169 2843 lorum,
183 2759 339 2826 invitatus
354 2783 374 2827 a
389 2765 501 2826 sancto
513 2759 650 2846 Hilario,
663 2760 754 2827 urhis
768 2760 893 2827 Romae
907 2759 1070 2846 episcopo,

52 2848 237 2932 composuit
261 2848 462 2933 ‘paschalem
485 2849 626 2917 cursum'
649 2850 859 2935 indagatione
882 2849 1069 2916 cautissima

127 2974 144 3022 2
164 2966 275 3025 Bamb.:
295 2972 324 3024 et
336 2970 479 3026 hominem
533 2969 680 3027 suamc:
698 2987 796 3026 verum
809 2971 875 3025 sunt
927 2969 1070 3027 Norimb.2

52 3039 178 3093 nondum
250 3041 425 3098 6Norimb.:
464 3041 601 3098 rectoriae
674 3041 791 3096 SBern.
810 3039 991 3096 etNorimb.:
1012 3041 1069 3097 Do·

55 3110 129 3191 mini
198 3109 279 3167 Bern.
299 3114 329 3167 et
347 3059 487 3169 Norimhn
506 3113 697 3168 continentem
715 3128 849 3182 personas
869 3154 875 3165 .
895 3153 902 3166 .
921 3154 928 3168 .
949 3153 955 3167 .
974 3112 1069 3182 dispc-

52 3183 179 3235 nentrum
252 3188 284 3237 11
294 3181 400 3240 Dubito
416 3183 486 3241 sitne
502 3183 603 3239 Servus
619 3182 745 3254 episcopi
758 3199 874 3250 nomem
889 3181 920 3238 id
933 3183 1069 3240 excidisse

52 3251 125 3305 mihi
138 3252 263 3320 videtur,
278 3254 311 3308 ut
323 3253 501 3310 scribendum
515 3254 565 3310 sit:
580 3253 596 3288 *
610 3271 705 3311 servus
720 3255 786 3324 Dei,
801 3272 817 3309 e
836 3253 956 3323 isccpua
973 3296 979 3309 .
995 3296 1002 3309 .
1017 3296 1024 3310 .

53 3321 464 3381 14Bern.etNorirnb.:caelis
511 3331 544 3381 16
555 3324 736 3381 Norimb.:in
782 3331 816 3380 1⁷
850 3325 924 3380 amb.
935 3323 1068 3381 etBern.:

10 3412 21 3443 r
53 3410 284 3462 sanesuerarum;
304 3396 562 3453 Norimb.=sunaet
616 3401 649 3452 19
664 3396 746 3453 Bem.
760 3395 937 3452 etNorimb.:
953 3396 1029 3465 quod

51 3469 87 3518 22
96 3462 190 3520 Bem:
205 3482 272 3536 ergo
286 3483 337 3536 per
374 3465 469 3522 Berns
484 3467 623 3523 unitatem
682 3472 717 3522 26
727 3466 839 3522 Bamb.:
850 3466 1034 3535 Aquitanicus

51 3533 146 3590 Bern:
165 3537 344 3607 scrupulosus
363 3537 579 3609 scripturarum
596 3538 740 3595 Norimhe.
757 3536 987 3595 studiosissimus
1001 3553 1081 3589 surs-
