2430 3944
481 425 518 434 --
570 389 631 452 111
680 424 719 435 -

81 533 269 617 scripturae
305 529 431 595 divinae
472 529 666 595 testimoniis
713 529 834 613 absque
876 527 1104 614 disputationis

81 622 261 689 dumtaxat
278 618 457 688 assertione
479 617 574 682 fidem
598 616 793 684 catholicam
812 617 986 704 assignare,
1009 639 1106 703 quam

81 711 145 777 ille
168 709 203 775 in
224 708 357 774 nomine
379 706 525 792 Domini,
556 705 755 792 suffragante
778 705 841 771 sibi
864 706 1012 790 veritate,
1039 728 1106 772 non

85 799 204 885 paneis
230 796 441 880 testimoniis,
470 795 553 862 siout
575 793 770 861 Maximinus
796 794 935 861 irridens
958 796 1106 881 petierat,

85 887 148 954 sed
175 886 315 971 eopiosis
341 889 410 950 tam
436 885 567 968 veteris,
599 906 696 970 quam
730 884 807 949 novi
838 885 1026 950 testamenti
1057 884 1106 949 in·
1142 899 1158 948 1

88 976 187 1042 dioiis
209 973 402 1060 approbavit
424 976 458 1038 et
479 973 588 1038 libello
612 973 719 1039 edidit.

469 1137 550 1228 aaa.
574 1136 733 1208 10111.

181 1274 363 1362 Eugenius,
390 1271 670 1360 Carthaginiensis
700 1273 830 1340 Africae
862 1275 1005 1342 civitatis
1041 1276 1106 1360 epi·

92 1387 210 1451 scopus
233 1369 267 1430 et
289 1363 456 1430 confessor
477 1363 644 1448 publicus,
668 1363 853 1429 admonitus
876 1365 917 1429 ab
935 1363 1108 1449 Hunerioo,

91 1451 315 1521 Vandalorum
333 1472 419 1538 rege,
437 1451 615 1519 catholicae
637 1451 712 1518 fidei
730 1452 966 1537 expositionem
985 1457 1018 1518 01
1038 1475 1104 1519 ma·
1125 1468 1159 1518 10
1199 1493 1200 1498 1

91 1544 178 1612 xime
196 1541 287 1615 uerbi
301 1539 486 1610 ‘homousii'
500 1541 733 1628 proprietatem
752 1541 921 1626 disserere,
939 1564 1012 1607 eum
1029 1563 1107 1607 eon-

62 1646 69 1655 ·
93 1654 190 1698 sensu
213 1631 359 1696 omniurn
377 1629 507 1696 Africae
525 1627 741 1696 Mauritaniae
764 1634 798 1695 et
820 1628 987 1696 Sardiniae
1011 1635 1107 1715 atque

92 1720 244 1787 Corsicae
264 1721 488 1804 episcoporum
511 1722 544 1783 01
563 1718 793 1802 confessorum,
811 1719 867 1805 qui
890 1720 925 1785 in
948 1721 1108 1785 catholiea

92 1812 343 1896 permanserunt
364 1808 440 1893 fida,
465 1808 648 1892 composuit
671 1807 791 1873 librum
813 1807 889 1872 fidei
911 1830 979 1874 non
1001 1809 1107 1874 solum
1133 1875 1136 1879 .

93 1901 278 1967 sanctarum
297 1898 529 1982 seripturarum
548 1896 735 1982 sententiis,
749 1896 805 1962 sed
823 1900 857 1961 at
869 1901 1000 1982 patrum
1014 1899 1105 1963 testi·
1127 1911 1160 1960 15

81 1987 211 2070 „moniis
243 1985 423 2072 munitum,
454 1990 487 2051 01
518 2006 576 2070 per
608 1984 748 2072 collegas
780 1984 996 2051 confessionis
1029 2008 1107 2052 suae

93 2075 247 2160 porrexit.
300 2073 371 2141 Iam
398 2096 474 2141 1010
503 2075 717 2160 asportandus
747 2095 807 2160 pro
839 2074 943 2140 fidelis
976 2075 1106 2160 linguae

93 2163 349 2249 remuneratione
372 2165 406 2229 in
429 2163 578 2229 exsilium
597 2162 765 2248 epistulas,
784 2163 873 2229 velut
894 2163 1106 2230 commonito-

92 2254 144 2318 ria
165 2251 239 2318 fidei
262 2253 408 2319 etunius
427 2253 511 2318 saori
530 2257 563 2318 01
583 2253 796 2318 eonservandi
815 2252 1022 2337 baptismatis
1042 2253 1108 2318 ovi-

93 2343 156 2407 bus
180 2342 262 2426 suis,
286 2342 381 2428 quasi
407 2345 522 2427 pastor
546 2340 713 2427 sollicitus,
737 2341 915 2426 dereliquit.
953 2339 1108 2407 ‘Alteros
1126 2357 1161 2406 20

95 2429 217 2499 tiones'
241 2444 382 2516 quoque,
410 2452 490 2517 quas
513 2452 587 2496 oum
609 2431 804 2497 Arianorum
826 2431 1029 2515 praesulibus
1053 2452 1110 2516 per

94 2519 314 2586 internuntios
336 2519 464 2604 habuit,
488 2519 681 2604 conseripsit
703 2523 737 2585 et
758 2518 949 2605 relegendas
967 2541 1024 2604 per
1042 2541 1109 2584 ma-

93 2610 197 2675 iorem
212 2607 329 2674 domus
341 2605 505 2674 Hunerioo
524 2607 715 2674 transmisit.
752 2606 910 2674 Similiter
928 2613 960 2674 at
975 2607 1109 2693 ‘preces'

94 2718 155 2783 pro
179 2697 287 2782 quiete
312 2693 575 2762 Christianorum
603 2697 706 2762 eidem
740 2699 829 2762 velut
857 2697 1025 2783 apologias
1054 2697 1108 2762 ob·

96 2786 181 2852 tulit.
203 2783 321 2852 Vivere
336 2785 440 2852 adhue
460 2784 501 2852 ad
520 2786 798 2852 confirmationem
815 2785 967 2852 ecelesiae
982 2786 1107 2851 dieitur.
1127 2800 1161 2850 11

455 2949 536 3040 Gap.
568 2947 750 3021 XCVIII.

185 3086 367 3172 Pomerius,
398 3088 529 3153 natione
557 3085 705 3170 Maurus,
736 3088 771 3152 in
800 3085 907 3152 Gallia
939 3088 1110 3173 presbyter

97 3176 281 3259 ordinatus,
310 3175 589 3263 interrogantibus
617 3180 650 3242 et
677 3175 869 3261 rogantibus
892 3176 1020 3242 Iuliano
1044 3176 1109 3262 epi-

89 3288 195 3350 ·soopo
219 3264 307 3331 Vero
330 3266 535 3351 presbytero,
564 3265 767 3351 dialogorum
790 3266 879 3331 more
902 3265 1110 3350 respondens

97 3358 168 3421 arte
192 3353 361 3419 dialectiea
389 3357 422 3418 01
449 3376 596 3419 sermone
624 3355 826 3440 ingenioque
843 3359 955 3439 aperto
980 3375 1108 3439 00111110-
1128 3370 1163 3418 30

71 3445 164 3514 01111
188 3442 240 3507 ‘de
258 3445 375 3508 natura
393 3444 520 3509 animae
544 3447 577 3508 et
594 3442 760 3528 qualitate’
786 3444 863 3528 eius,
887 3448 919 3509 et
943 3442 981 3507 de
1004 3465 1109 3508 resur-

172 3588 187 3637 1
207 3584 385 3653 exspectatur
402 3599 480 3653 pron.
500 3582 748 3639 demonstrativum
805 3589 837 3638 17
856 3581 997 3638 Norint:
1016 3597 1110 3650 aspor-

98 3653 216 3716 tandum
236 3653 321 3708 0110111
338 3670 391 3724 pro
409 3699 415 3711 .
435 3697 443 3711 .
