2430 3944
481 302 702 374 ..61-

83 472 237 539 graecum
271 451 438 533 volumen,
470 449 556 536 quod
592 449 723 535 quidam
754 450 793 515 de
827 450 953 534 syriaca
984 449 1099 535 lingua

84 544 239 621 verterat,
267 542 302 605 et
329 560 464 605 acumen
492 539 640 605 sublimis
669 537 793 625 ingenii
817 538 914 603 etiem
938 538 971 602 in
994 539 1098 603 truns-

83 629 207 695 latione
230 628 377 714 cognovi.
458 626 462 632 ’

174 716 322 803 Decessit
344 716 405 782 sub
427 715 567 782 Valente
588 714 746 802 principe.

471 915 554 1008 Gap.
586 909 722 986 oxus.
1120 933 1136 981 u

175 1052 325 1133 Basilius,
337 1050 515 1120 Caesareae
528 1049 762 1137 Cappadociae,
776 1072 857 1136 quae
870 1051 960 1136 prius
970 1049 1102 1117 Menace

80 1143 276 1226 vocabatur,
317 1141 502 1227 episcopus,
542 1142 691 1226 egregios
732 1138 858 1206 ‘contra
893 1138 1101 1207 Eunomium’

83 1230 268 1299 elaboravit
294 1229 408 1312 libros,
438 1234 472 1295 et
495 1229 546 1295 ‘de
569 1227 694 1314 Spiritu
725 1227 850 1297 sancto'
873 1229 1039 1312 volumen,
1068 1232 1103 1310 et

82 1322 133 1386 ‘in
165 1317 404 1385 hexaemerum'
432 1317 583 1385 homilias
615 1338 744 1401 norem,
777 1321 810 1383 et
841 1309 1038 1402 ἆσκητικόν,
1070 1320 1103 1382 et

81 1411 200 1475 breves
222 1408 393 1492 variosque
415 1409 583 1473 tractatus.
1125 1423 1157 1470 10

176 1494 315 1562 Moritur
337 1498 517 1582 imperante
541 1495 707 1564 Gratiano.

459 1693 542 1786 Oop.
574 1693 734 1768 CXVII.

177 1830 366 1919 Gregorius,
398 1829 621 1898 Nazianzenus
653 1833 837 1919 episeopus,
872 1831 923 1898 vir
954 1832 1104 1916 eloquen-

86 1921 247 2007 tissimus,
264 1923 454 2005 praeceptor
472 1942 563 1986 meus
582 1925 616 1986 et
634 1943 697 2007 qno
714 1923 891 2007 scripturas
910 1921 1105 2006 explanante

86 2010 200 2094 didici,
231 2009 273 2077 ad
299 2009 440 2095 triginta
468 2010 559 2075 milia
591 2031 742 2076 uersuum
774 2011 884 2076 omnia
916 2031 1015 2094 opera
1046 2031 1106 2074 sua
1126 2024 1158 2074 te

87 2097 285 2184 composuit3
312 2120 330 2164 e
354 2098 472 2185 quibus
494 2097 553 2165 illa
576 2104 667 2165 sunt:
691 2098 742 2165 ‘de
764 2103 868 2164 morte
891 2098 1001 2164 fratris
1026 2095 1105 2163 an-
1138 2129 1143 2139 ·

86 2184 1106 2272 sarii’,‘rrepi‹pctoactuxe‘us'‚‘laudesMechabaeorum',‘laudes

88 2275 273 2362 Cypriani',
304 2275 427 2341 ‘laudes
455 2276 653 2361 Athenasii'‚
683 2275 806 2342 ‘laudes
838 2275 972 2341 Maximi
1000 2275 1106 2359 philo·

89 2363 197 2450 sophi'
215 2369 292 2450 post
314 2364 446 2431 exilium
463 2365 594 2449 reversi,
611 2387 706 2450 quem
724 2366 808 2430 falso
827 2366 957 2430 nomine
976 2364 1106 2449 quidam

88 2454 224 2521 Herone
246 2454 554 2538 superscripserunt,
582 2454 659 2540 quia
681 2458 733 2519 est
754 2457 789 2519 et
810 2454 893 2520 elius
920 2453 1002 2518 liber
1024 2452 1106 2518 vitu·
1127 2471 1160 2517 ro

89 2543 294 2629 perationem
321 2542 465 2608 eiusdem
487 2541 623 2607 Maximi
647 2543 832 2627 continens,
863 2541 957 2628 quasi
979 2563 1046 2606 non
1070 2542 1106 2606 li-

90 2631 195 2699 cuerit
217 2630 354 2696 eumlem
377 2634 411 2696 et
439 2629 571 2696 laudere
599 2634 633 2696 et
654 2633 838 2716 vituperare
865 2652 924 2716 pro
953 2634 1109 2715 tempore,

90 2725 124 2786 et
157 2719 240 2784 liber
270 2719 459 2785 hexametro
487 2740 581 2784 versu
608 2718 819 2806 virginitatis
851 2724 884 2786 et
913 2717 1108 2804 Nuptiarum

90 2810 205 2875 contra
242 2831 277 2874 se
309 2808 550 2891 disserentium
588 2807 752 2874 ‘adversus
785 2807 995 2875 Eunomium'
1034 2809 1109 2875 libri

91 2899 170 2981 duo,
194 2896 244 2961 ‘de
269 2895 392 2981 Spiritu
416 2895 548 2962 Sancto'
572 2896 654 2963 liber
676 2919 769 2981 unus,
797 2896 924 2964 ‘contra
946 2895 1108 2962 Iulianum
1129 2913 1162 2960 aa

92 2984 335 3071 imperatorem'
365 2985 448 3050 liber
475 3007 566 3051 unus.
619 2983 755 3053 Secutus
793 2990 844 3052 est
876 2989 984 3051 autem
1017 2985 1109 3052 Pole-

92 3075 199 3140 monis
222 3073 409 3140 indicendo
432 3073 627 3159 charactera,
649 3074 788 3161 vivoque
812 3096 847 3141 se
865 3075 1053 3160 episcopum
1076 3075 1110 3138 in

92 3165 164 3230 loco
184 3184 243 3228 suo
263 3161 415 3228 ordinans
431 3164 499 3228 ruri
513 3164 613 3229 vitam
632 3164 783 3230 monaehi
802 3164 944 3229 exercuit
958 3162 1109 3228 decessit-

92 3274 155 3338 que
183 3255 259 3316 ante
282 3252 343 3318 hoo
365 3251 433 3317 fero
459 3251 635 3318 triennium
659 3253 719 3318 sub
742 3251 927 3319 Theodosio
956 3252 1108 3337 principe.

166 3431 201 3481 14
219 3426 316 3482 Bamb.
335 3443 354 3482 a
375 3443 431 3496 quo
449 3427 530 3483 Bern.
550 3430 579 3482 et
597 3427 737 3484 morimur
762 3443 797 3482 ex
815 3443 871 3498 quo
890 3426 1042 3496 scripturas
1059 3425 1111 3481 illo

95 3503 129 3553 16
143 3496 288 3554 Norimb.=
300 3497 395 3553 fratris
409 3499 466 3552 mei
479 3497 603 3554 Caesarii
662 3504 696 3554 20
711 3497 788 3554 Vatr
805 3505 896 3566 lauru
950 3503 985 3554 26
1000 3497 1111 3553 Bamb.=

94 3568 280 3625 Pulamomon
298 3568 407 3625 dicendi
427 3571 568 3626 caractere
647 3575 685 3628 29
701 3567 808 3626 Barna.
825 3572 858 3626 et
868 3567 1024 3624 Moturum.
1035 3567 1134 3617 terrae
