2400 3878
531 148 569 161 -
620 113 684 178 110
731 148 779 161 -ι

146 251 331 319 substantia
353 253 553 320 adorandum
576 257 725 320 asserunt
748 253 928 338 Christum,
953 266 1025 320 neo¹
1038 256 1157 341 acquie
1197 290 1199 316 ;

145 346 241 408 scunt
253 342 335 408 duas
348 343 383 408 in
397 339 528 409 Christo
542 342 743 409 confitendas
757 347 899 426 naturas,
918 343 1039 410 docens
1053 365 1156 410 recuu-
1199 378 1200 394 κ

144 430 221 496 dum
252 430 443 497 relationem
477 430 708 516 seripturarum
741 453 839 498 unam
870 432 906 496 in
942 430 1000 498 illo
1035 431 1099 498 Dei
1127 437 1159 497 et

143 517 296 585 Hominis
327 540 499 605 personam
526 541 611 602 esse,
643 541 709 586 non
737 541 836 585 unum
864 521 972 586 carnis
1001 523 1035 585 et
1063 519 1159 587 Verbi

109 621 125 670 o
144 611 304 674 naturam
341 604 444 675 Simul
473 611 505 673 et
527 608 700 694 impugnet
722 607 849 695 aliquos
873 606 999 694 cyrilli,
1022 608 1157 675 Alexan·

144 695 228 762 drini
256 696 409 784 episcopi,
432 697 612 763 sententies
641 697 752 764 dicens
784 697 914 763 incaute
942 696 984 762 ab
1015 698 1075 764 illo
1107 697 1158 763 arl-

143 806 255 851 versus
278 782 467 851 Nestorium
495 786 656 871 prolatas,
683 807 765 872 quae
792 785 974 852 fomentum
1003 790 1037 852 et
1065 787 1159 853 robur

143 873 268 939 addunt
281 872 519 959 Timotheanis3
542 875 629 959 quod
647 874 739 940 valde
761 874 902 941 inaniter
924 873 1010 941 dicit.
1046 874 1158 943 Vivere

143 961 248 1027 adhuc
270 961 387 1028 dieitur
410 966 444 1028 et
466 984 504 1028 ex
527 965 672 1048 ternpore
695 962 885 1029 declamare.

91 1156 125 1205 rc
525 1123 607 1216 Gap.
639 1125 776 1198 XCIV.

232 1261 390 1347 (isle-sius,
412 1261 502 1328 urbis
520 1260 644 1329 Romae
663 1264 844 1349 episcopus,
862 1263 993 1348 scripsit
1006 1264 1157 1331 adversus

142 1350 315 1438 Eutychen
338 1355 372 1417 et
388 1349 577 1418 Nestorium
595 1350 717 1437 grande
736 1356 769 1417 ct
788 1352 990 1437 praeclarum
1009 1354 1158 1420 volumen
1182 1372 1185 1380 ⁴

142 1446 176 1507 et
193 1442 351 1507 tractatus
369 1439 569 1506 diversarum
586 1441 819 1525 scripturarum
837 1445 871 1506 et
883 1447 1157 1509 sacramentorum

142 1529 296 1596 delimato
329 1550 477 1595 sermone
513 1533 546 1594 et
583 1528 737 1596 adsersus
769 1529 902 1596 Petrum
939 1533 973 1594 et
1006 1530 1157 1597 Acacium

91 1635 123 1684 ro
142 1619 274 1703 scripsit
305 1618 476 1703 epistulas,
513 1638 597 1704 quoe
632 1617 729 1685 hodie
765 1618 800 1683 in
836 1617 973 1685 ecclesie
1008 1622 1158 1686 tenentur

142 1708 309 1775 catholice.
350 1705 442 1773 Fecit
464 1709 497 1772 et
514 1706 655 1790 hymnos
674 1707 709 1772 in
728 1706 975 1773 similitudinem
993 1707 1159 1775 Ambrosii

142 1797 296 1882 episcopi.
343 1795 433 1862 Obiit
455 1796 516 1861 sub
539 1794 716 1861 Anastasio
740 1795 899 1882 Augusto.

536 1957 618 2049 (lap.
649 1958 764 2032 xoV.

230 2097 432 2182 Honoratus,
470 2093 705 2164 constantinae
742 2095 873 2164 Africae
914 2096 1062 2164 civitatis·
1095 2097 1155 2184 epi·

88 2205 123 2257 20
143 2211 274 2276 scopus,
302 2186 431 2273 scripsit
454 2184 496 2252 ad
522 2185 698 2252 Arcadium
721 2186 895 2272 quendam,
917 2185 973 2272 qui
994 2208 1056 2270 pro
1084 2208 1155 2254 con·

140 2279 282 2345 fossione
300 2277 374 2342 fidei
388 2274 566 2342 catholicae
584 2275 619 2340 in
639 2274 787 2359 partibus
803 2274 933 2341 Africae
948 2297 968 2341 a
982 2272 1155 2342 Genserico

140 2389 217 2454 rege
235 2367 353 2433 missus
367 2365 543 2450 exsulabat,
558 2363 730 2450 epistulam
744 2363 786 2431 ad
803 2363 933 2430 labores
950 2385 1010 2449 pro
1026 2362 1155 2432 Christo

140 2457 290 2524 ferendos
309 2453 524 2521 hortatoriam
539 2456 572 2518 et
585 2453 741 2538 exemplis
759 2453 985 2538 praesentibus
1009 2457 1043 2519 et
1056 2454 1155 2539 scrip

139 2551 287 2613 tororum
308 2543 521 2610 relationibus
543 2542 745 2627 roboratam,
774 2545 808 2607 et
836 2542 922 2628 quod
944 2541 1154 2608 confessionis

86 2655 121 2706 no
140 2636 214 2702 fidei
231 2630 472 2721 perseverantie
489 2653 556 2697 non
576 2631 680 2697 solum
693 2631 870 2716 praeterita
882 2633 1001 2716 purget
1013 2635 1156 2716 peccata,

141 2724 253 2792 sedet
276 2723 426 2790 meritum
449 2723 600 2807 procuret
622 2720 777 2805 martyrii.

526 2884 607 2976 Cup.
639 2883 776 2955 XCVI.

229 3006 371 3075 Cerealis
394 3005 578 3092 episcopus,
604 3005 737 3070 natione
765 3002 861 3087 Afer,
888 3003 1110 3089 interrogatur
1137 3023 1182 3068 a·

140 3098 329 3182 Maximino,
350 3095 546 3162 Arianorum
569 3094 733 3180 episcopo,
762 3092 791 3158 si
818 3095 929 3177 posset
960 3091 1012 3157 rel
1042 3092 1155 3177 panor

140 3258 225 3310 prosa
241 3256 325 3295 versu
379 3236 501 3291 enom:
521 3233 722 3291 revelationem
783 3230 916 3287 ⁷Bern.:
935 3246 1009 3300 quae
1027 3249 1103 3287 nnnc
1187 3221 1191 3226 ’

142 3319 175 3368 14
193 3307 464 3436 Bern.epliorimb.:
483 3306 637 3362 Achaicum
712 3310 744 3359 1⁷
764 3302 891 3360 Norimb.
902 3301 994 3359 addit:
1010 3305 1105 3360 afficte
1119 3302 1154 3372 (l)

141 3401 212 3453 quoe
230 3399 283 3454 ego
312 3397 360 3452 egr
1134 3418 1145 3433 .
