2400 3878
530 284 747 348 ..52ss

131 430 166 580 gt
193 425 368 580 Vasseriano
402 428 436 490 in
459 422 612 492 Chalcide
641 425 795 492 Graeciae
827 426 985 510 martyrio
1014 449 1111 493 coron

148 536 266 581 uses.

473 695 555 787 Gap.
583 693 808 770 LXXXIV.

221 851 394 934 Iuvencus,
412 849 607 917 nobilissimi
627 851 756 934 generis
769 846 952 934 Hispanus,
969 850 1111 934 presbyt

99 958 115 1006 o
135 944 288 1027 quattuor
310 939 481 1025 evangelia
502 938 699 1006 hexametris
723 938 868 1005 versibus
891 959 995 1023 poene
1019 939 1060 1004 ad
1079 961 1111 1004 se

134 1030 211 1094 hum
233 1029 434 1094 transferens
465 1030 622 1114 quattuor
652 1027 753 1094 libros
781 1027 975 1112 composuit,
1003 1030 1038 1092 et
1067 1049 1111 1092 no:

134 1119 227 1186 nulle¹
245 1116 357 1183 codem
379 1120 483 1182 metro
507 1116 547 1181 od
571 1119 848 1183 sacramentorum
875 1113 1023 1182 ordinem
1048 1120 1111 1201 pert

134 1206 256 1273 nentis
301 1205 428 1273 Floruit
449 1204 511 1271 sub
534 1203 751 1271 Constantino
773 1204 928 1290 principe.

486 1418 797 1512 cc.cxxxu

87 1597 121 1645 10
227 1576 436 1659 illust-athius,
459 1596 577 1662 genere
599 1559 827 1660 Pamphylius,
850 1574 976 1642 Sidetes
1008 1576 1111 1662 primu

135 1665 279 1733 Beroecc
311 1664 436 1748 Syriae,
473 1664 587 1729 deinde
619 1663 814 1734 Antiochiae
846 1665 1033 1750 episcopus,
1065 1688 1111 1732 rer

136 1755 305 1820 ecclesiam
333 1757 366 1818 et
394 1753 547 1818 adversus
572 1750 770 1818 Arianorum
793 1753 912 1840 dogma
934 1754 1042 1821 multa
1064 1769 1111 1822 cor

136 1865 261 1928 ponens
283 1842 345 1908 sub
367 1840 560 1908 Constantio
583 1841 729 1926 principe
751 1842 864 1926 pulsus
888 1845 938 1908 est
960 1843 994 1907 in
1019 1843 1111 1908 exiliu

136 1930 381 2017 Traianopolim
403 1930 629 2014 Thraciarum,
656 1929 715 1994 ubi
742 1935 776 1994 et
798 1952 899 2018 usque
921 1930 1018 1996 hodie
1043 1953 1111 1999 coru

85 2040 117 2092 rs
136 2027 189 2087 tus
212 2026 269 2088 est.
314 2019 456 2086 Exstant
478 2019 546 2085 eius
569 2019 736 2085 volumina
757 2017 808 2083 ‘de
827 2017 958 2105 animc',
981 2018 1034 2086 ‘de
1053 2041 1111 2106 eng

137 2107 323 2196 strimytho’
343 2105 432 2196 (cepi
451 2104 737 2194 έγγαστριμύθου)
756 2106 937 2173 ‘adversum
951 2107 1111 2196 Origenes

137 2203 170 2265 et
192 2199 339 2265 infinitae
362 2197 531 2282 epistulae,
553 2217 634 2283 quus
658 2215 845 2261 enumerare
868 2197 1004 2283 longum
1029 2202 1089 2264 est.

476 2411 812 2506 ca.cxxxur

226 2566 411 2652 Marcellus,
434 2567 626 2652 Ancyranus
650 2569 835 2652 episcopus,
858 2569 918 2633 sub
933 2565 1111 2634 Constanti

85 2679 120 2726 20
139 2660 172 2722 et
195 2654 387 2722 Constantio
411 2657 610 2740 principibus
631 2656 742 2723 floruit
762 2656 932 2742 multaque
950 2656 1111 2723 diuersam

140 2739 337 2810 ὑποθέσεων
355 2745 486 2830 scripsit
503 2745 666 2811 volumina
683 2749 718 2811 et
730 2745 870 2811 maxime
889 2746 1045 2813 adversus
1057 2746 1111 2813 Ari

140 2855 211 2898 nos.
246 2831 408 2899 Feruntur
431 2836 545 2899 contre
561 2833 648 2900 hunc
665 2833 788 2900 heterii
806 2838 840 2900 et
852 2833 1050 2919 Apollinarii
1067 2835 1111 2902 lih

141 2921 345 2990 Sabellianae
368 2945 443 2990 eum
464 2923 615 2988 hereseos
639 2927 819 3008 arguentes
865 2919 928 2989 Sed
951 2927 984 2989 et
1006 2923 1111 2991 Hilari

140 3011 174 3076 in
193 3011 332 3094 septimo
352 3010 517 3078 ‘adversus
532 3009 686 3077 Arianos'
709 3010 793 3077 libro
811 3011 953 3078 nominis
975 3013 1044 3079 eius
1060 3036 1111 3100 qur

88 3122 120 3171 25
140 3099 273 3166 heretici
292 3101 449 3168 meminit
484 3100 586 3166 Porro
604 3100 660 3164 ille
679 3098 822 3165 defendit
839 3123 874 3166 se
891 3121 959 3166 non
979 3123 1050 3167 esse
1074 3103 1111 3169 do

140 3189 251 3272 matis,
278 3187 369 3254 cuins
397 3190 621 3272 accusabatur,
644 3189 870 3254 communione
893 3189 969 3255 Iulii
992 3193 1025 3256 et
1047 3191 1111 3258 Ath

140 3277 237 3362 nesii,
262 3275 427 3344 Romanae
451 3280 485 3343 et
505 3276 742 3344 Alexandrinae
765 3277 855 3342 urbis
878 3279 1080 3362 pontificum.

214 3473 247 3522 10
266 3468 379 3524 Barcha
398 3469 500 3525 Sidites
568 3475 600 3524 11
620 3470 699 3526 vaus
716 3469 821 3526 Boreae
889 3475 924 3526 26
943 3470 1054 3530 Bembc
1073 3489 1111 3530 ac«

141 3541 218 3594 satur
288 3538 391 3597 Bsmt:
409 3538 458 3596 sed
476 3539 671 3597 communione
742 3539 823 3598 Vct:
841 3541 983 3597 Acastusii
