2430 3944
459 268 497 278 ..
545 230 590 297 95
633 267 678 279 ..

451 377 533 469 Cap.
560 376 688 448 LVII.
735 408 737 413 ·

8 518 30 597 p
150 472 324 579 Fastidins,
347 493 580 562 Britannorum
603 496 783 581 episcopus,
806 496 937 581 scripsit
955 496 996 561 ad
1014 495 1073 562 Fa-

15 632 18 637 ·
59 584 161 650 talem
189 581 350 670 quendam
378 582 428 649 ‘de
455 584 524 650 vita
550 583 739 650 christiana'
769 585 889 650 librum
919 588 952 650 et
974 586 1073 659 alium

14 662 21 703 r

12 728 26 781 t.

60 672 112 738 ‘de
136 672 294 742 viduitate
317 671 486 738 servanda'
509 695 591 739 sana
613 676 646 739 et
669 672 739 739 Deo
763 673 862 759 digna
886 674 1043 740 doctrina.

438 837 520 929 cap.
548 836 698 908 cunr.
1092 850 1107 895 a

9 942 20 1043 ξ’
151 953 308 1042 Gyrillus,
330 957 570 1023 Alexandrinae
593 957 746 1022 ecclesiae
769 957 953 1042 episcopus,
973 957 1074 1022 edidit

9 1050 15 1069 “·
56 1045 235 1124 νειτίιιηηιιι
251 1039 449 1112 ὑποθέσεων
476 1049 649 1124 tractatus,
680 1046 831 1111 homilias
859 1045 959 1110 etiam
987 1068 1073 1111 com-

56 1134 171 1220 posuit
200 1135 370 1220 plurimas,
403 1157 485 1220 quae
518 1135 559 1200 ad
593 1132 838 1200 declamandum
870 1156 891 1198 a
918 1133 1074 1199 Graeciae

56 1222 218 1308 episcopis
251 1223 425 1289 memoriae
458 1223 735 1289 commendantur.
790 1222 961 1288 Praeterea
997 1223 1073 1288 libri

56 1312 128 1377 eius
161 1316 238 1377 sunt
269 1310 320 1377 ‘de
351 1332 537 1398 synagogae
566 1311 717 1396 defectu’,
746 1310 802 1378 ‘de
829 1311 891 1377 fide
919 1312 1072 1376 adversus
1094 1326 1126 1375 ro

55 1399 240 1485 hereticos’,
264 1403 298 1466 et
319 1401 474 1486 peculiari
500 1401 682 1466 intentione
708 1400 860 1468 adversus
882 1399 1073 1466 Nestorium

57 1487 990 1663 {tautarrattraherentur
1007 1487 1073 1554 a.

464 1759 545 1851 Cap.
573 1758 679 1830 LIX.

10 1876 37 1927 ἱ
150 1878 339 1945 Timotheus
366 1881 538 1966 episcopus
562 1879 746 1964 composuit
771 1878 890 1944 librum
915 1874 966 1944 ‘de
988 1879 1070 1944 nati·
1093 1887 1125 1936 15

58 1969 162 2033 vitate
176 1967 310 2034 Domini
332 1969 507 2035 secundam
529 1967 681 2052 carnem',
704 1990 802 2053 quam
824 1966 927 2033 credit
948 1969 984 2032 in
1006 1969 1071 2052 spi·

59 2055 183 2142 phania
205 2057 335 2123 factam.

473 2149 556 2242 Gap.
584 2149 668 2221 LX.

150 2266 305 2353 leporius
333 2269 437 2336 adhuc
464 2269 655 2354 monachus,
683 2272 758 2354 post
779 2268 958 2354 presbyter,
981 2292 1073 2354 prae-

60 2377 192 2422 sumens
216 2358 257 2422 de
278 2359 418 2443 puritate
441 2360 527 2424 vitae
546 2380 644 2457 quam
667 2357 802 2424 arbitrio
820 2361 948 2423 tantum
972 2363 1005 2422 et
1023 2380 1073 2423 co·
1092 2385 1126 2432 20

60 2449 141 2510 natu
164 2448 309 2531 proprio,
331 2469 398 2513 non
419 2445 481 2513 Dei
509 2469 544 2514 sa
571 2447 730 2532 adjutorio
758 2447 937 2512 obtinuisse
966 2448 1072 2512 crede·

60 2533 134 2616 bat,
156 2533 368 2620 Pelagianum
392 2535 511 2622 dogma
534 2539 684 2621 coeperat
706 2535 807 2623 sequi.
849 2533 911 2601 Sed
935 2557 955 2600 a
974 2533 1073 2600 Galli·

60 2623 150 2689 canis
173 2622 361 2690 doctoribus
385 2624 567 2691 admonitus
591 2628 624 2690 et
646 2624 682 2689 in
705 2622 816 2690 Africa
837 2641 896 2710 per
918 2623 1072 2708 Augusti-

60 2733 140 2776 num
164 2712 244 2778 adeo
267 2714 454 2780 emendatus
476 2715 607 2800 scripsit
629 2712 865 2782 emendationis
887 2734 964 2778 suae
982 2712 1072 2778 libel-

59 2801 143 2883 lum,
165 2802 201 2866 in
224 2824 288 2886 quo
312 2806 345 2868 et
367 2801 527 2869 satisfacit
548 2803 588 2868 de
610 2824 720 2869 errore
743 2804 778 2868 et
799 2801 921 2888 gratias
940 2802 1010 2887 agit
1032 2801 1071 2866 de
1094 2815 1126 2866 aa

60 2887 301 2975 emendation03
331 2891 427 2957 simul
455 2895 489 2958 et
516 2891 602 2977 quod
624 2893 708 2958 male
736 2892 881 2957 senserat
908 2891 948 2956 dc
969 2891 1072 2956 incar-

59 2978 194 3044 natione
216 2977 338 3045 Christi
365 2980 448 3046 corri
473 3002 530 3046 ens
558 2979 752 3046 catholicam
774 2979 971 3046 sententiam
998 2978 1074 3044 tulit

62 3065 171 3132 dicens
186 3068 393 3134 manentibus
407 3069 441 3134 in
450 3000 580 3136 {bristo
595 3069 719 3135 duabus
733 3067 859 3134 naturis
873 3089 973 3133 unam
988 3067 1074 3133 credi

61 3153 137 3221 Filii
150 3154 211 3222 Dei
225 3177 407 3242 personam.

461 3269 544 3360 cap.
572 3268 678 3340 rxr.
1092 3279 1127 3329 20

153 3385 352 3472 Victorinus,
369 3387 479 3455 rhetor
491 3386 713 3472 Massiliensis,
731 3387 772 3453 ad
785 3387 845 3452 filii
860 3388 919 3472 sui,
938 3386 1074 3471 hitherii,

61 3497 236 3562 personam
255 3479 491 3544 commentatus
509 3478 615 3544 estin
632 3475 806 3558 Genesim,
816 3477 859 3543 ih
872 3480 944 3554 est,
954 3475 1087 3554 apim·
