2430 3944
484 404 522 415 -
570 370 615 435 55
662 406 700 416 -
819 365 821 368 ’

363 464 367 473 ’
471 514 554 606 cap
585 514 722 587 XCIV.

175 652 339 738 Asterius,
370 652 511 718 Arianae
534 651 749 736 philosophus
772 653 940 736 factionis,
971 651 1103 736 scripsit

80 745 242 827 regnante
266 739 459 809 Constantio
487 741 523 805 in
552 741 723 824 epistulam
749 741 791 806 ad
813 739 978 807 Romanos
1011 740 1101 804 etin

81 829 256 916 evangelia
284 834 318 895 et
344 829 378 894 in
402 829 546 912 psalmos
569 830 820 895 commentarios
843 835 877 895 et
898 831 1002 896 multa
1026 829 1100 910 alia,

81 941 170 1004 quae
192 941 213 984 a
239 939 317 985 suae
339 918 444 1005 partis
466 917 654 984 hominibus
677 918 914 984 studiosissime
936 919 1134 1002 leguntur.t

481 1099 564 1191 Cap.
595 1098 709 1173 xoV.

175 1235 319 1322 Lucifer,
346 1235 554 1303 caralitanus
578 1238 749 1323 episcopus
772 1258 846 1302 cum
869 1237 1045 1303 Pancratio
1068 1239 1101 1300 et

84 1325 223 1410 Hilario,
241 1324 408 1391 Romanae
426 1325 581 1391 ecclesiae
598 1325 723 1392 clericis
741 1324 783 1392 ad
797 1323 1025 1392 Oonsmntinm
1043 1324 1102 1388 im·

84 1418 270 1500 potatorem
292 1410 461 1480 aLiberio
485 1415 638 1499 episcopo
660 1435 720 1499 pro
738 1415 801 1481 fide
824 1415 950 1502 legatus
973 1413 1104 1495 missus,

84 1525 160 1568 cum
183 1503 287 1569 nollst
310 1502 370 1568 sub
387 1503 526 1568 nomine
548 1502 725 1570 Athanasii
746 1501 924 1571 Nicasnam
947 1500 1149 1569 damnarem.

84 1591 197 1675 fidem,
220 1590 256 1656 in
278 1590 498 1657 Palaestinam
525 1592 689 1677 relegatus
715 1593 816 1659 mirae
844 1593 1046 1658 constantiae
1069 1593 1103 1654 et

86 1678 273 1765 praeparati
305 1679 406 1745 animi
435 1680 476 1744 ad
505 1681 699 1766 martyrium
731 1686 845 1747 contra
872 1679 1103 1748 Constantium

86 1769 316 1853 imperatorem
339 1769 471 1853 scripsit
497 1769 616 1835 librum
639 1770 733 1855 eique
754 1769 928 1856 legendum
950 1768 1040 1834 misit
1064 1788 1102 1832 ac

85 1878 155 1922 non
177 1858 281 1923 multo
304 1860 380 1941 post
403 1858 463 1922 sub
486 1856 614 1923 Iuliano
636 1859 783 1944 principe
804 1879 952 1924 reversus
975 1854 1101 1924 Caralis

86 1943 322 2012 Valentiniano
345 1951 502 2031 regnante
525 1947 618 2013 obiit
1100 1963 1124 2007 1⁵

473 2126 556 2219 Gap.
587 2126 724 2201 XCVI.

177 2261 353 2349 Eusebius,
375 2265 509 2330 natione
532 2265 653 2333 Sardus
677 2271 772 2333 etex
794 2266 916 2333 lectore
934 2265 1024 2331 urbis
1038 2262 1105 2330 Ro·

84 2374 160 2417 mae
183 2351 401 2418 Vercellensis
429 2354 616 2440 episcopus,
647 2355 690 2420 ob
718 2354 954 2421 confessionem
980 2351 1055 2419 fidei
1084 2375 1105 2419 a

86 2440 283 2507 Constantio
306 2441 451 2526 principe
469 2439 694 2528 Scythopolim
718 2447 751 2509 et
772 2444 847 2508 inde
862 2441 1102 2527 Cappadociam

85 2529 252 2614 relegatus
287 2529 347 2595 sub
375 2528 503 2597 Iuliano
526 2532 721 2616 imperatore
751 2532 792 2598 ad
815 2533 985 2598 eeclesiam
1008 2545 1141 2598 suamm-

85 2638 236 2683 reversus
266 2621 317 2684 est
344 2618 509 2704 ediditque
535 2621 569 2685 in
596 2622 742 2705 psalmos
765 2621 1014 2686 commentarios
1037 2617 1102 2683 Eu-

87 2706 174 2773 sebii
196 2704 433 2788 Caesariensis,
460 2730 541 2794 quos
568 2708 608 2774 dc
631 2731 748 2796 graeco
775 2711 810 2774 in
837 2710 975 2775 latinum
999 2713 1103 2773 verte-

85 2799 153 2879 rat,
181 2800 214 2860 et
236 2799 383 2862 mortuus
413 2802 465 2864 est
487 2796 721 2865 Valentiniano
745 2802 779 2864 et
800 2796 940 2864 Valente
963 2817 1103 2881 regnan-

86 2883 186 2950 tibus.
742 2955 744 2959 y

462 2977 544 3070 Gap.
576 2979 737 3052 XCVII.
1097 3007 1137 3058 rr.

177 3113 447 3200 Fortunatianus,
469 3117 602 3182 natione
626 3117 714 3203 Afer,
737 3103 955 3203 Aquileiensis
979 3114 1104 3200 episco·
1145 3107 1146 3110 ¹

87 3226 163 3289 pus,
195 3204 376 3287 imperante
405 3202 600 3271 Constantio
629 3207 664 3272 in
690 3207 861 3292 evangelia
888 3205 995 3270 titulis
1019 3203 1103 3270 ordi-

87 3293 176 3358 natis
208 3293 323 3359 breves
355 3315 502 3359 sermone
530 3295 652 3361 rustico
681 3295 813 3381 scripsit
845 3293 1104 3375 commentarios,

87 3386 121 3445 et
143 3381 181 3445 in
202 3381 264 3447 hoc
286 3381 425 3448 habetur
447 3382 660 3468 detestabilis,
683 3383 770 3468 quod
784 3383 963 3465 Liberium,
982 3380 1103 3447 Roma·

161 3560 178 3611 8
198 3555 275 3612 Vatr
293 3555 400 3630 Hylaro
474 3565 507 3614 10
525 3558 603 3614 Vatz
622 3558 766 3614 Anastasii
842 3561 877 3612 28
897 3557 1007 3613 Bemb.:
1026 3554 1106 3611 brevi

87 3625 251 3698 mistiaoque
323 3629 431 3684 Baraba
456 3629 625 3701 conscripsit
