2400 3878
532 278 748 345 ...28-

136 424 197 488 sab
223 423 416 507 imperatore
446 419 557 486 Marco
580 419 748 486 Antonino
771 417 858 487 Varo
891 425 926 488 ct
954 421 1056 488 Lucio
1083 419 1107 486 A

136 511 216 578 relic
239 508 416 578 Commodo
440 509 559 576 floruit.

530 673 613 764 tiro.
644 672 772 745 XXX.

229 809 416 897 Philippus,
452 812 623 895 episcopus
655 802 833 889 Cretensis,
865 805 927 876 hoc
961 817 1029 896 est,
1061 811 1130 879 urbis

103 898 307 983 oGortinae,
336 899 426 966 onius
454 895 633 984 Dionysius
665 898 700 964 in
732 896 871 1002 epistula
903 921 963 966 sua
995 899 1131 981 'meminit

138 1012 237 1077 qnam
260 989 390 1074 scripsit
411 987 452 1054 ad
476 986 618 1053 eiusdem
637 985 781 1054 civitates
803 988 988 1072 ecclesiam,
1010 989 1130 1075 praecla-

136 1101 209 1143 ram
233 1076 402 1143 adversum
424 1074 623 1143 Marcionem
646 1074 749 1142 edidit
775 1076 910 1162 librum,
936 1079 1097 1162 temporib

137 1165 328 1321 ppaeuffiarci
355 1165 516 1232 Antonini
538 1164 617 1230 Veri
649 1169 683 1230 ct
710 1164 802 1232 Lucii
829 1165 955 1231 Aurelii
984 1159 1135 1234 Commod

85 1399 118 1448 10
513 1365 595 1456 cap.
626 1364 777 1439 xxxa

227 1501 400 1588 Mucianus,
417 1524 485 1573 non
507 1502 663 1588 ignobilis
680 1504 766 1568 inter
783 1524 838 1569 eos
857 1503 912 1588 qni
932 1505 1137 1572 ecclesiastico

138 1592 294 1677 dogmata
317 1591 529 1676 scripserunt,
552 1591 613 1658 sub
637 1590 832 1676 imperatore
850 1589 961 1659 Marco
981 1591 1137 1661 Antonino

137 1679 224 1746 Vero
249 1678 386 1747 coniecit
407 1679 526 1746 librum
550 1679 591 1745 ad
615 1680 771 1764 quosdam
794 1679 931 1766 fratres,
961 1682 1020 1768 qui
1043 1682 1082 1749 de
1103 1702 1139 1748 er

138 1770 237 1837 ciceia
260 1769 301 1835 ad
325 1768 556 1835 encratitarum
578 1769 720 1836 heresim
743 1768 955 1836 declinarunt.

84 1963 117 2013 a
505 1949 587 2040 cop.
617 1949 791 2022 xxxii.

226 2086 393 2153 Modestus
417 2092 450 2153 et
471 2087 542 2173 ipse
565 2087 625 2153 snb
648 2088 843 2172 imperatore
857 2086 968 2154 Marco
982 2088 1140 2157 Antonino

138 2181 171 2242 et
193 2176 293 2244 Lucio
316 2176 448 2242 Aurelio
472 2175 652 2245 commodo
675 2175 828 2243 adversus
851 2175 1054 2246 Marcionem
1076 2177 1140 2245 scri·

137 2266 204 2350 pait
233 2265 369 2350 tibrum,
399 2266 454 2352 qui
485 2287 586 2351 usque
618 2264 715 2332 hodie
747 2269 940 2351 perseverat.
989 2264 1142 2338 Feruntur

140 2354 199 2421 sub
223 2355 354 2423 nomine
377 2354 445 2419 eins
467 2358 501 2420 et
524 2354 588 2420 alia
611 2349 838 2438 συντάγματα,
865 2348 921 2419 sed
947 2353 990 2421 ab
1018 2354 1166 2424 eraditis:

86 2461 122 2509 no
140 2443 233 2528 quasi
256 2442 510 2529 devdenlypcrpc
533 2442 752 2528 repudiantur.

493 2624 572 2716 cop
606 2623 803 2695 xxxin

228 2759 431 2827 Bardesanes
450 2760 706 2846 Mesopotamiae
729 2761 836 2827 clarus
858 2759 991 2828 habitus
1014 2767 1075 2850 cst,
1097 2761 1147 2851 qni

139 2850 280 2934 primum
302 2847 469 2916 Valentini
496 2853 638 2916 sectator
671 2849 786 2915 dando
814 2849 1004 2915 confutator
1031 2873 1147 2918 noram

139 2940 210 3023 ipse
232 2939 372 3004 heresim
394 2936 549 3005 condidit.
585 2937 714 3004 Ardone
736 2938 805 3003 eius
828 2960 849 3004 a
872 2935 963 3024 Syris
985 2940 1148 3024 praedica·

85 3049 119 3098 25
139 3030 194 3095 tnr
222 3027 389 3113 ingenium
416 3030 450 3093 ct
477 3028 512 3092 in
541 3027 763 3110 disputatione
786 3027 969 3093 vehemens.
1014 3025 1150 3116 Scripsit

139 3115 268 3182 infinita
297 3117 449 3182 adversus
478 3138 591 3182 omnes
617 3136 721 3201 paene
749 3113 923 3199 hereticos,
955 3116 1011 3202 qui
1045 3122 1150 3185 aetate

139 3203 208 3269 eins
230 3203 479 3289 pullulaverant.
524 3203 564 3268 In
592 3203 707 3289 quibus
730 3203 927 3271 clarissimus
958 3207 991 3269 et
1012 3205 1151 3274 fortissi-

137 3313 210 3358 mus
232 3293 315 3358 liber
341 3297 391 3358 est
417 3314 513 3377 quem
535 3291 648 3358 Marco
671 3291 841 3360 Antonino
868 3294 906 3358 dc
924 3292 992 3372 fcto
1015 3296 1150 3362 tradidit

210 3472 242 3522 11
262 3466 340 3523 Vnt:
358 3466 503 3522 Mucianus
603 3465 653 3521 at:
672 3465 708 3522 de
726 3465 919 3523 ecclesiastico
937 3467 1070 3540 dogmate

137 3543 174 3594 26
192 3537 228 3593 al.
249 3537 368 3593 addant:
388 3537 531 3593 volumina
