2400 3878
514 123 754 188 -100..

100 271 225 339 ,etiam
254 267 500 335 rusticationem
529 269 642 332 contra
671 264 755 329 vires
778 255 994 346 snas,'homo
1026 283 1144 348 genere

127 359 233 424 clarus
261 362 294 422 et
320 357 423 444 longe
453 355 548 420 aliter
570 354 733 437 educatus,
756 353 912 437 exercuit,
939 351 996 417 sed
1024 351 1143 417 necin

128 436 329 532 spiritalibus
352 444 506 530 neglexit
541 441 628 508 Nam
646 446 680 508 et
702 442 737 508 in
754 441 901 508 docendo
924 440 1067 526 gratiam
1090 439 1144 505 ha-

127 534 199 601 buit
222 539 255 600 et
277 535 399 620 absque
427 553 639 618 personarum
662 531 848 615 acceptione
872 528 1024 596 omnibns
1048 529 1143 594 casti·

92 626 240 709 cgatum
264 645 345 708 opus
368 621 618 707 praedicationis
641 620 788 706 ingessit
824 618 962 705 Ingenio
985 639 1063 684 vero
1086 617 1143 682 im·

127 712 257 778 mortali
280 712 391 796 aliqua
420 715 453 776 et
474 731 576 794 parva
598 709 713 788 edidit,
743 731 825 796 quae
848 709 993 774 eruditae
1015 709 1143 774 animae

128 805 162 865 et
184 800 288 866 tidelis
311 801 443 882 linguae
464 797 583 866 indicio
606 801 697 882 sunt,
720 798 754 863 in
773 797 890 882 quibus
913 796 1089 884 praecipuo
1113 802 1144 863 et

128 888 170 954 ad
193 889 369 954 multorum
391 889 566 955 utilitatem
589 887 770 954 necessario
793 907 890 971 opere
914 887 1015 953 vitam
1040 887 1142 952 sancti

129 975 304 1061 Honorati,
331 977 508 1044 decessoris
531 978 581 1043 sui
604 975 793 1061 composuit.
837 974 977 1041 Moritur
998 974 1143 1041 Valenti·

78 1083 111 1131 10
129 1065 228 1131 niano
252 1069 285 1132 et
306 1065 470 1132 Martiano
493 1066 738 1152 imperantibus.

508 1300 591 1390 Cup.
620 1298 767 1371 LXXI.

217 1451 297 1534 Leo,
321 1452 410 1518 urbis
433 1451 558 1519 Rornae
581 1452 762 1537 episcopus,
786 1453 917 1537 scripsit
940 1452 994 1520 ‘ad
1016 1452 1141 1520 Flavia·

129 1539 229 1622 num’,
247 1539 625 1626 Constantinopolitanae
647 1542 802 1608 ecclesias
821 1541 1019 1627 episcopum,
1038 1543 1146 1610 adver·

132 1653 187 1695 sus
201 1629 375 1714 Eutychen
397 1629 638 1716 presbyterum,
656 1630 711 1716 qui
730 1633 809 1696 tunc
826 1630 1006 1697 ambitione
1023 1634 1143 1717 episco-

79 1738 113 1787 ro
130 1723 228 1803 patus
242 1740 328 1784 nova
346 1720 382 1784 in
400 1719 568 1785 ecclesiam
582 1718 777 1785 moliebatur
789 1718 950 1804 inducere,
962 1720 1146 1804 epistulam,

132 1809 168 1873 iu
186 1829 248 1891 qua
267 1808 420 1873 admonet
438 1829 526 1893 eum,
542 1811 581 1874 ut
597 1808 626 1873 si
644 1807 850 1874 eonfiteretur
867 1829 1010 1874 errorem
1027 1813 1063 1875 ct
1080 1810 1144 1894 pol·
1195 1814 1198 1819 '

132 1896 281 1961 liceretur
304 1895 577 1981 emendationem,
600 1895 759 1981 reciperet
780 1917 870 1982 eum3
893 1897 921 1962 si
945 1901 1055 1963 autem
1078 1920 1145 1983 per·

133 1986 263 2050 sisteret
288 1985 323 2049 in
350 1985 493 2070 incepto,
520 2007 594 2052 cum
622 2007 683 2050 sua
708 1983 813 2050 heresi
835 1985 1057 2052 damnaretur.
1101 1985 1145 2052 Si·

134 2072 253 2138 militer
276 2073 370 2140 docet
398 2075 433 2139 in
456 2075 528 2158 ipsa
550 2074 689 2159 epistula
711 2076 746 2138 ct
767 2073 886 2140 divinis
909 2074 1081 2141 confirmat
1101 2079 1145 2140 te·

80 2181 115 2230 20
134 2162 310 2246 elimoniis,
337 2160 514 2228 Dominum
540 2167 689 2228 nostrum
716 2161 824 2228 Iesum
851 2160 1031 2249 Christum,
1065 2165 1147 2231 sicut

132 2255 286 2335 paternae
301 2251 485 2316 divinitatis
503 2251 619 2336 filium,
638 2251 685 2315 its
702 2272 813 2317 verum
831 2251 994 2318 humanae
1012 2256 1147 2319 naturae

133 2360 203 2404 esse
232 2338 397 2404 hominem
424 2339 631 2423 eredendum,
662 2339 695 2404 id
726 2344 777 2405 est
806 2360 845 2405 ex
875 2361 971 2406 carne
999 2339 1146 2428 Virginis

132 2449 261 2492 carnem
291 2429 429 2493 traxisse
461 2433 495 2494 et
523 2449 590 2494 non
619 2426 658 2493 de
686 2427 776 2493 caelo
803 2448 920 2514 corpus
948 2429 1146 2514 exhibuisse,

133 2515 215 2581 sicut
238 2521 272 2580 et
293 2515 457 2601 Eutyches
481 2516 654 2584 asserebat.
698 2514 838 2583 Moritur
859 2517 967 2584 Leone
991 2522 1025 2585 et
1046 2518 1146 2606 Majo-

79 2623 112 2674 25
133 2604 225 2670 riano
249 2605 509 2690 imperatoribus.

499 2806 581 2897 Cap.
610 2803 779 2876 LXXII.

221 2959 423 3042 Mochimus,
445 2957 700 3045 Mesopotamius
723 2959 809 3044 apud
831 2959 1040 3028 Antiochiam
1062 2985 1147 3049 pres·

135 3049 241 3134 bytcr,
273 3049 430 3115 adversus
461 3046 632 3133 Eutychen
668 3048 832 3135 egregium
868 3049 988 3115 librum
1021 3053 1056 3117 et
1087 3053 1148 3119 slis

135 3137 274 3204 scribere
297 3137 428 3222 dicitur,
450 3136 692 3222 quaesendum
714 3137 789 3221 legi.
1171 3200 1186 3251 4

205 3320 221 3366 s
240 3311 335 3367 Bern:
356 3328 471 3382 corpus;
489 3310 587 3367 Bamb.
606 3313 636 3367 et
653 3311 769 3368 Veron:
789 3311 959 3382 castigatum
977 3311 1098 3386 ingessit

136 3389 150 3438 7
170 3381 282 3439 Bamb.:
301 3383 453 3452 praecipue
524 3388 558 3437 2⁸1
578 3380 691 3438 Bamb.=
711 3381 954 3454 Mesopotamenos
