2430 3944
463 225 681 288 ..51-

64 364 164 431 edidit
186 365 314 432 infinite
337 364 515 442 volumina,
537 363 578 430 de
601 365 717 450 quibus
735 365 816 430 baec
834 369 922 432 sunt:
946 359 1080 452 eriayye·

64 453 157 537 λικῆς
175 447 375 532 ἀποδείξεως
391 453 467 518 libri
480 450 552 536 XX,
571 446 787 538 εὐαγγελικῆς
804 457 1081 540 προπαρασκευῆς

64 542 140 607 libri
171 540 242 619 XV,
272 543 479 626 θεοφανείας
509 540 586 606 libri
608 539 649 626 V,
687 539 940 609 ‘ecclesiasticae
976 544 1079 610 histo-

64 629 147 696 riee'
169 630 246 696 libri
259 629 299 713 X,
323 628 561 696 ‘chronicorum
583 651 745 696 cononum
768 630 955 698 omnimoda
976 632 1080 699 histo·

64 717 123 784 rie’
147 722 309 784 eteorum
329 713 478 803 ἐπιτομή,
497 724 530 783 et
549 717 599 784 ‘de
624 719 867 806 evangeliorum
886 720 1113 806 dispectum

64 811 95 873 et
118 806 170 872 ‘in
192 805 344 872 Esaiam'
368 807 442 873 libri
465 804 514 891 X,
537 810 570 873 et
593 807 723 873 ‘contra
747 806 992 896 Porphyrium',
1022 812 1078 895 qui

64 896 175 962 eodem
198 900 344 980 tempore
368 895 531 961 scribebat
552 896 586 961 in
606 893 731 981 Sicilia,
754 896 831 961 libri
846 895 948 981 XXV,
971 901 1005 962 et
1025 921 1078 965 ro·

64 985 172 1050 πικῶν
193 985 276 1050 liber
297 1006 393 1069 unus,
416 977 597 1068 ἀπολογίας
613 1005 674 1070 pro
689 984 829 1072 Origene
847 985 923 1051 libri
942 1009 1006 1067 sex,
1026 985 1077 1053 ‘dc

64 1073 134 1139 rita
148 1071 323 1157 Pamphili'
342 1072 421 1138 libri
439 1077 516 1156 tres,
535 1071 585 1138 ‘de
600 1072 812 1158 martyribus'
831 1073 896 1139 alie
914 1076 1077 1160 opuscula,

64 1167 96 1228 et
119 1163 155 1227 in
178 1165 308 1228 centum
332 1161 569 1247 quinquaginta
590 1162 736 1246 psalmos
758 1162 969 1230 eruditissimi
991 1181 1130 1231 com-10

64 1251 216 1316 menterii
238 1249 404 1335 multaque
424 1250 497 1315 alie.
531 1247 659 1317 Floruit
680 1252 820 1316 maxime
843 1252 903 1317 sub
919 1250 1075 1319 Constan-

64 1340 131 1406 tino
155 1338 351 1424 imperatore
375 1342 408 1403 et
431 1334 639 1423 Constantio,
661 1343 695 1404 et
717 1338 760 1404 ob
784 1340 960 1407 amicitiam
983 1339 1075 1408 Pam-

64 1428 143 1514 phili
166 1426 208 1493 ab
231 1447 269 1492 eo
293 1431 546 1512 cognomentum
569 1427 703 1493 sortitos
727 1431 786 1494 est.

414 1642 496 1735 cap.
524 1620 735 1714 cxxxii

148 1781 308 1866 Retieius,
327 1779 528 1864 Aeduorum,
545 1780 579 1846 id
596 1784 661 1864 eet,
680 1781 985 1867 Augustodunensis
1008 1786 1073 1870 epi·
1094 1799 1128 1849 15

64 1869 528 2026 bllellftllltss
550 1869 1074 2027 sssslssbftllintffllltllbff
1127 1930 1130 1934 '

64 1983 135 2115 {iun
158 2009 380 2114 Oantieoium'
404 1979 438 2114 gt
460 2046 549 2112 aliud
572 2047 693 2134 grande
717 2047 869 2114 volumen
892 2047 1073 2116 ‘adversum

64 2136 302 2240 Novatianum'.
351 2135 421 2204 Nec
451 2140 579 2222 praeter
609 2136 690 2201 hoec
729 2136 903 2223 quicquum
939 2159 1072 2224 operum

64 2248 126 2293 ems
150 2248 286 2312 repperi.
1091 2243 1126 2291 uo

393 2388 476 2480 Cep.
503 2386 737 2460 LXXXIII.

149 2526 351 2612 Methodius,
374 2526 506 2613 Olympi
524 2525 641 2612 Lyciae
663 2531 697 2593 et
719 2530 834 2611 postea
847 2524 927 2610 Tyri
950 2526 1071 2611 episco-

64 2638 133 2702 pus,
161 2615 257 2682 nitidi
284 2615 519 2701 compositique
547 2616 706 2682 sermonis
734 2614 904 2680 adversum
926 2613 1071 2700 Porphy-

64 2707 144 2771 rium
166 2704 305 2772 confecit
326 2705 443 2791 libros,
465 2708 499 2770 et
517 2702 729 2790 ‘symposium
753 2703 862 2770 decem
883 2703 1071 2789 virginum',

64 2799 90 2861 et
113 2793 166 2860 ‘de
188 2792 435 2871 resurrectione'
458 2815 540 2879 opus
562 2793 728 2879 egregium
752 2795 866 2859 contra
888 2791 1072 2878 origenem,
1089 2807 1123 2856 25

64 2887 90 2948 et
112 2883 268 2950 adversus
291 2883 428 2948 eundem
457 2880 507 2947 ‘de
530 2880 719 2966 Pitonisse',
749 2891 783 2946 et
805 2879 856 2945 ‘de
880 2879 1071 2965 autexusio',

64 2970 90 3037 in
113 2971 267 3038 Genesim
290 2992 417 3057 qnoque
441 2971 532 3037 etin
555 2968 727 3037 (lenticum
749 2970 1013 3054 commentarioS,
1036 2973 1070 3034 et

64 3062 163 3128 multa
185 3060 264 3146 alia,
287 3081 371 3147 quae
393 3060 492 3146 vulgo
515 3059 712 3126 lectitantur.
745 3058 798 3124 Ad
817 3061 994 3124 extremum
1013 3080 1070 3123 no·

64 3151 209 3218 iissimae
238 3149 487 3235 persecutionis,
516 3151 556 3212 ut
580 3147 636 3214 elii
664 3146 851 3232 adfirmant,
881 3148 941 3212 sub
969 3146 1068 3212 Decio

126 3351 141 3400 1
162 3338 346 3414 recipiente
361 3385 367 3399 .
383 3385 389 3399 .
406 3383 412 3396 .
427 3342 480 3397 XX
498 3342 578 3396 deest
594 3341 624 3395 in
642 3339 740 3394 Bemb.
818 3345 834 3392 2
854 3338 963 3393 Bamb.:
983 3333 1069 3407 edep—
1093 3395 1095 3398 ,

64 3415 168 3485 φιλικῆς
185 3415 356 3484 προδείξεως
374 3412 556 3483 παρασκευῆς
645 3417 680 3466 bo
698 3410 776 3466 Vatt
795 3405 980 3475 otteramno

64 3491 88 3544 lt
106 3485 223 3544 Bembz
241 3485 382 3543 canticum
401 3483 575 3542 canticorum
646 3488 684 3540 ab
699 3481 821 3540 Bumbe.
837 3481 901 3538 s'xue
915 3482 955 3534 ut

843 3576 880 3626 ῃ
