2400 3878
546 283 579 294 -
616 252 725 307 w..

131 417 195 501 ipsi
224 438 351 502 quoque
378 416 459 480 mihi
486 415 548 481 hao
579 415 615 479 in
642 437 677 479 re
710 420 842 500 experta
874 419 971 483 fuerit
997 442 1035 485 ae
1063 444 1148 487 sum-

127 527 259 589 mopere
285 507 472 590 perspeota,
504 524 611 568 meum
638 524 708 568 essa
736 509 815 587 puto
844 508 967 591 gratias
991 509 1021 573 ei
1050 532 1148 594 quam

127 595 287 659 maximas
319 593 417 658 etiam
447 596 544 676 atque
574 591 675 656 etiam
710 613 820 677 agere,
852 616 932 679 quas
964 600 1002 660 ut
1033 598 1150 682 aliqua

131 682 259 767 quidem
283 704 322 746 ex
340 685 432 766 parte
455 680 574 745 referre
593 681 623 744 ei
645 682 769 765 possim
787 682 997 748 vehementer
1015 692 1146 771 exopto.

182 808 186 817 ·
216 768 326 836 Codex
348 773 456 834 autem
480 769 535 833 ille
558 791 631 834 oum
654 770 772 834 summi
796 773 953 837 momenti
975 774 1147 856 ponderis:

130 880 193 944 que
217 857 436 924 aestimandus
460 858 516 941 sit,
538 857 609 922 fieri
631 879 699 922 non
722 859 842 942 potuit,
870 861 948 945 quin
970 861 1046 927 inde
1071 884 1148 928 eon-

129 947 235 1012 textui
257 946 429 1012 verborum
457 969 477 1011 a
503 968 556 1011 me
583 945 761 1011 constituto
788 947 875 1012 haud
897 970 1019 1032 paucae
1042 955 1148 1016 muta-

128 1035 236 1100 tiones
259 1056 492 1119 nonnunquam
515 1034 556 1098 ad
583 1033 666 1099 nihil
693 1035 895 1119 pertinentes
917 1038 982 1102 nisi
1004 1037 1045 1103 ad
1070 1041 1148 1104 sori·

128 1123 226 1189 bendi
241 1123 401 1189 rationem
415 1124 646 1208 ingererentur.
678 1121 785 1197 Quare
805 1146 860 1188 eas
874 1125 1040 1210 leetionos,
1064 1150 1147 1213 quas

126 1234 166 1277 ex
188 1211 367 1277 Parisiansi
389 1211 499 1277 codiee
526 1211 562 1277 in
583 1213 708 1275 textum
731 1233 839 1277 meum
866 1216 1013 1298 receptas
1036 1217 1146 1299 velim,

127 1300 241 1385 figuris
255 1300 438 1366 litterarum
455 1299 507 1384 iis,
522 1321 604 1386 quae
618 1299 764 1365 oursivae
780 1306 946 1387 vocantur,
963 1303 1146 1386 insignien-

124 1388 183 1454 das
208 1389 328 1455 ourani.
377 1387 424 1453 Iis
448 1391 556 1453 autem
578 1387 674 1472 loeis,
695 1386 731 1453 in
754 1389 871 1475 quibus
893 1411 977 1455 unus
1000 1413 1039 1456 ex
1061 1392 1145 1458 meis

125 1480 279 1581 quattuor
306 1476 470 1544 codicibus
498 1497 572 1541 eum
597 1474 775 1543 Parisiensi
802 1478 966 1563 congruit,
999 1479 1147 1546 litteram

124 1563 1146 1739 :nnrnrtzmtut'auretrusisti

127 1742 292 1808 codicibus
319 1743 359 1808 V.
382 1745 416 1808 et
438 1741 492 1826 A„
519 1762 622 1827 paone
645 1740 686 1806 ad
708 1763 810 1807 unum
838 1765 951 1809 omnes
973 1743 1039 1810 huo
1066 1766 1145 1811 oon-

128 1833 212 1897 forre
235 1831 397 1916 simulque
418 1851 524 1917 panea
536 1829 689 1896 mendose
703 1831 792 1916 typis
806 1853 959 1916 expressa
972 1833 1145 1919 corrigere.

214 1919 362 2006 Denique
385 1918 478 1986 doleo
491 1919 578 2005 quod
591 1919 626 1983 in
648 1918 774 2004 aliquot
787 1920 929 2005 plagulis
943 1919 1144 1988 Parisianais

125 2008 246 2074 codicia
277 2007 514 2095 principalibus
541 2007 724 2073 litterarum
754 2009 869 2093 figuris
900 2009 1026 2074 abrasis
1059 2010 1145 2075 aliae

120 2110 246 2182 'eaeque
268 2119 371 2163 novae
394 2096 594 2184 substitutae
612 2097 701 2180 sunt,
724 2117 788 2180 quo
811 2097 1018 2182 factumest,
1042 2101 1080 2164 ut
1104 2099 1145 2164 iis

124 2185 222 2271 loeis,
243 2185 360 2271 quibus
374 2185 568 2270 Hieronymi
587 2185 759 2250 contextus
774 2184 934 2251 orationis
949 2186 1145 2271 continetur,

126 2274 224 2340 lectio
248 2278 305 2340 aut
327 2295 460 2359 prorsus
476 2273 547 2338 fieri
568 2293 636 2338 non
649 2272 754 2357 possit
776 2275 835 2337 aut
846 2274 1004 2358 temporis
1017 2274 1145 2341 iactura

125 2383 224 2446 quam
247 2364 390 2428 maxima
411 2361 513 2445 faota3
537 2382 619 2445 quae
642 2360 794 2446 plagulae
816 2362 984 2427 continent

129 2470 206 2536 pag.
242 2451 285 2518 83
299 2455 334 2517 et
370 2451 414 2517 84
436 2448 486 2535 (in
498 2451 589 2515 textu
607 2470 679 2514 meo
703 2471 724 2514 a
740 2469 815 2534 pag.
829 2449 882 2515 36.
903 2449 960 2517 lin.
976 2452 1018 2517 16
1040 2472 1143 2539 usque

448 2537 490 2603 ad
511 2556 585 2623 pag.
608 2537 661 2602 37.
683 2537 740 2602 lin.
765 2537 821 2621 12)

130 2647 205 2712 pag.
242 2627 286 2693 93
300 2630 334 2692 et
368 2629 413 2693 94
431 2625 480 2714 (in
490 2630 531 2780 ltb
539 2648 581 2691 m.
600 2647 620 2690 a
637 2647 669 2710 p.
682 2627 735 2692 40.
758 2626 779 2690 l.
794 2625 837 2690 15
858 2649 960 2712 usque
983 2627 1024 2693 ad
1046 2651 1078 2713 p.
1091 2631 1145 2696 41.

122 2825 197 2890 pag.
217 2805 281 2871 113
295 2808 329 2870 et
344 2805 408 2870 114
425 2801 475 2889 (in
495 2710 657 2957 5to.)lrn.1a
685 2823 717 2886 p.
746 2801 799 2867 49.
834 2803 857 2868 1.
888 2804 929 2869 19
965 2826 1068 2890 usque
1101 2806 1144 2872 ad

122 3002 197 3067 pag.
214 2981 278 3046 119
293 2984 326 3047 et
341 2982 405 3047 120
423 2914 627 3066 (ilirtmap.
637 2889 690 3045 in.
703 2980 725 3044 l.
734 2979 779 3044 24
787 3001 890 3065 usquo
900 2979 941 3046 ad
949 3002 981 3064 p,
989 2979 1041 3047 53.
1053 2981 1074 3046 l.
1084 2979 1144 3069 27)

124 3090 199 3154 pag.
216 3069 279 3135 133
294 3073 327 3134 et
343 3069 407 3135 134
425 3067 627 3154 (int.m.ap.
639 3067 1143 3156 60.1.16usqueadp.61.1.25).

121 3159 152 3223 A
179 3187 221 3211 ε
245 3155 511 3242 Bambergensis,
540 3155 568 3221 B
592 3186 634 3210 =
657 3154 849 3242 Bemensis,
889 3155 922 3222 N
945 3186 988 3210 ι·-
1010 3155 1143 3223 Norim-

122 3245 308 3331 bergensis,
338 3246 371 3311 V
389 3276 431 3301 =
450 3244 642 3311 Vaticanus.

214 3332 293 3400 Loei
320 3337 378 3400 aut
401 3335 470 3400 sine
492 3334 624 3400 nomine
647 3334 760 3419 scripti
784 3336 842 3403 aut
863 3332 891 3398 P
917 3332 1011 3418 signo
1033 3335 1143 3399 notati

124 3425 203 3487 sunt
225 3421 428 3488 Parisiensis.
