2430 3944
467 274 504 285 -
553 239 596 304 ῃ
645 275 683 286 „

10 262 15 451 i
437 383 715 475 op.XXXV

10 492 18 611 i
151 518 311 586 Eusebius
341 519 471 605 scripsit
494 519 545 585 ‘de
573 521 676 586 crucis
698 519 832 589 Domini
859 523 1023 607 mysterio’
1047 528 1082 592 et

59 609 284 711 apostolorum
302 609 537 694 praecipueque
556 608 645 675 Petri
668 611 852 691 constantia
872 612 991 679 virtute
1010 634 1080 697 cru·

57 698 109 763 cis
133 696 274 781 mdepta.

421 790 503 880 Oop.
535 789 723 862 XXXVI.
973 791 976 796 ’
1098 809 1114 858 s

150 925 350 1014 Vigilantius
376 928 558 1013 presbyter,
584 929 718 995 natione
747 927 872 1016 Gallus,
899 929 1080 1015 Hispaniae

57 1014 306 1081 Barcelonensis
336 1017 508 1101 parochiae
531 1017 699 1082 ecclesiam
721 1020 836 1083 tenuit.
882 1016 1019 1105 Scripsit
1046 1024 1080 1086 ct
1124 1049 1126 1054 ·

56 1105 131 1191 ipse
153 1105 222 1171 zelo
246 1103 375 1189 quidem
397 1105 564 1191 religionis
587 1105 709 1191 aliqua,
732 1106 788 1172 sed
811 1107 915 1172 victus
937 1107 1080 1174 humana

57 1191 155 1258 laude
182 1196 215 1258 at
240 1213 450 1277 praesumens
478 1216 577 1278 supra
602 1195 687 1261 vires
716 1216 809 1280 suas,
839 1196 938 1262 homo
965 1197 1079 1282 lingua

56 1282 194 1366 politus,
221 1303 287 1347 non
315 1303 412 1348 sensu
440 1284 670 1368 scripturarum
693 1285 904 1369 exercitatus,
928 1287 1078 1371 exposuit
1097 1306 1130 1356 10

56 1391 161 1454 pravo
192 1370 323 1456 ingenio
356 1370 530 1437 secundam
561 1370 707 1438 Danielis
738 1372 909 1452 visionem,
947 1378 980 1438 et
1012 1375 1078 1440 alia

57 1459 188 1524 locutus
211 1462 262 1524 est
284 1459 413 1545 frivola,
443 1460 581 1546 quaein
609 1461 758 1546 catalogo
786 1460 1002 1527 hereticorum
1023 1485 1077 1528 ne-

56 1549 201 1614 cessario
220 1552 434 1632 exponuntur.
465 1547 550 1615 Huic
569 1553 601 1615 et
620 1548 735 1616 beatus
749 1548 970 1635 Hieronymus
988 1573 1077 1635 pres·

56 1635 154 1721 bytsr
167 1636 348 1720 respondit.

414 1763 738 1857 op.xxxrmz
1097 1794 1130 1844 c

10 1902 31 1955 l*
149 1899 375 1987 Simplicianus
408 1902 578 1987 episcopus
611 1900 721 1968 multis
750 1902 897 1987 epistulis
925 1903 1075 1970 hortatus

55 1992 110 2055 est
131 1989 352 2076 Augustinum
375 1990 480 2056 adhuc
501 1992 736 2076 presbyterum,
759 1991 884 2075 agitare
908 1990 1075 2077 ingenium

58 2080 94 2144 et
126 2079 321 2163 expositioni
351 2081 584 2163 scripturarum
615 2100 743 2162 vacare,
775 2083 813 2144 ut
846 2081 945 2145 etiam
972 2102 1075 2147 novus

57 2166 191 2252 quidam
205 2186 208 2191 ·
223 2167 430 2250 Ambrosius,
464 2167 614 2255 Origenis
651 2162 873 2252 aporiamus
904 2168 1076 2236 videretur.

57 2255 154 2322 Unde
181 2259 214 2321 et
236 2257 356 2322 multas
384 2257 425 2322 ad
447 2258 517 2322 aius
538 2277 712 2342 personam
740 2256 881 2322 absolvit
903 2258 1075 2342 Scriptura·
1093 2281 1130 2332 2ο

56 2366 132 2410 rum
151 2344 364 2430 quaestiones.
404 2343 467 2411 Est
488 2348 521 2410 et
540 2346 608 2410 eius
627 2344 767 2429 epistula
784 2343 1076 2431 propositionum,

56 2432 92 2498 in
116 2455 180 2518 qua
207 2432 439 2519 interrogando
464 2434 556 2518 quasi
578 2431 751 2512 disciturus
781 2433 874 2500 docet
897 2434 1076 2500 docturum.

391 2613 737 2707 op.xxxrnr

146 2749 287 2838 vigilius
319 2752 488 2837 episcopus
520 2752 652 2837 scripsit
683 2752 724 2817 ad
756 2753 915 2837 quendam
945 2751 1073 2838 Simpli-

55 2841 186 2920 cianum
213 2839 261 2906 ‘in
287 2839 416 2906 laudem
443 2839 633 2926 mertymm’
661 2839 807 2906 libellum
840 2845 873 2905 et
901 2842 1073 2925 epistulam
1092 2863 1126 2912 aa

55 2928 278 2999 continentem
292 2933 387 3015 gesta
396 2929 446 2995 sui
455 2928 612 3014 temporis
623 2930 708 3014 apud
717 2929 874 2995 barbaros
883 2932 1073 3015 martyrum.

78 3082 85 3114 ·-
128 3073 145 3123 8
170 3067 281 3124 Bamb.:
309 3068 497 3125 constentiam
523 3068 629 3128 virtute
657 3065 817 3138 indeptam-3
843 3067 984 3124 Norimb.:
1008 3084 1073 3123 eon-

55 3138 192 3199 stautiam
205 3139 310 3196 virtute
324 3140 424 3207 crucis,
441 3139 508 3196 fidei
526 3139 632 3208 uirtute
645 3137 820 3209 indemptam
892 3145 908 3194 8
923 3137 1073 3194 vocabula:

55 3207 122 3281 zelo,
138 3239 172 3252 -
190 3209 343 3281 religionis,
362 3211 464 3266 desunt
481 3210 511 3264 in
528 3208 655 3267 Norimb.
760 3215 794 3264 14
813 3209 910 3264 Bamb.
930 3211 959 3264 et
977 3210 1072 3265 Bernz

54 3294 128 3351 expo
148 3282 232 3336 entur
304 3281 381 3337 Haec
398 3281 485 3337 verba
503 3281 604 3336 desunt
620 3280 650 3335 in
668 3280 733 3335 Vet.
752 3283 783 3335 et
799 3280 830 3334 in
848 3279 973 3336 Norimb.

10 3330 23 3411 i
56 3359 90 3408 16
134 3350 246 3408 trima:
261 3352 345 3421 episc.
359 3351 577 3408 Mediolanensis
649 3357 682 3406 18
696 3350 836 3406 Norimbc
851 3349 1073 3421 expositionibus

54 3429 89 3478 21
109 3422 188 3490 vat:
207 3424 240 3477 ut
258 3424 301 3478 ost
319 3422 378 3478 eius
397 3423 517 3494 epistula
589 3429 623 3478 22
642 3422 753 3477 Bamb.:
772 3421 971 3494 interrogando
990 3420 1073 3476 disci·

54 3497 136 3549 turus
155 3493 239 3566 locst
256 3493 414 3550 doctrinam
