2400 3878
543 285 760 351 ..10-

142 424 236 510 titur,
264 447 332 491 uon
359 426 504 512 sequitur
531 427 739 513 septuaginta
762 426 996 493 translatorum
1018 425 1162 493 auctori·

142 518 257 600 tatem,
286 515 341 582 sed
364 515 557 582 hebraicam.
602 514 631 580 El
660 515 778 602 quibus
806 516 864 582 illa
893 514 957 581 duo
984 519 1079 582 sunt:
1108 514 1160 580 ‘ex

142 605 428 760 hffipffirv'ocari
442 603 560 670 Filium
579 603 708 688 meum',
727 608 770 688 et,
790 602 955 690 ‘quoniam
969 602 1159 670 Nasamone

92 802 108 852 c
565 786 647 878 Cup.
668 785 736 858 IV.

232 880 338 1010 Iudae,
356 924 457 991 frater
470 923 591 1004 Iacchi,
604 947 739 1009 parvam
754 947 836 1010 quae
850 924 890 991 de
904 927 1030 1009 septem
1044 922 1158 990 catho·

142 1013 215 1080 licis
238 1018 288 1080 est
310 1013 484 1098 epistulam
506 1014 647 1099 reliquit.
690 1013 735 1079 nt
758 1014 836 1100 quia
862 1013 907 1080 de
924 1012 1009 1080 libro
1032 1010 1161 1096 Enoch,

144 1103 430 1257 qqi.}p⁰⁰²yqi’hu⁸
453 1106 511 1182 est,
535 1104 676 1258 εἷῗᾳέἑξ
695 1102 972 1258 ῐθεὴίιῂιὲοῗέῗθωῃα
994 1102 1160 1256 pleutisque

93 1292 126 1340 ιο
144 1213 320 1357 hiletiluihret
341 1213 781 1366 idtneldnsahldiaensoripidurvaes
804 1212 1050 1366 csompuldaatliir.0
1098 1213 1161 1258 um

578 1464 661 1556 Cap.
689 1462 726 1536 V.

233 1601 353 1667 Paulus
368 1601 546 1686 apostolus,
564 1602 620 1687 qui
639 1604 716 1668 ante
735 1600 861 1684 Saulus,
879 1603 971 1666 extra
988 1621 1162 1667 numerum

145 1689 314 1756 duodecim
343 1691 564 1775 apostolorum
593 1693 633 1757 de
661 1691 747 1756 tribu
776 1689 946 1755 Beniamin
974 1692 1008 1755 et
1039 1689 1168 1774 oppido

145 1777 289 1845 Judaeae
322 1777 460 1845 Giscalis
497 1780 573 1863 fuit,
610 1800 674 1866 quo
707 1802 727 1844 a
758 1778 915 1844 Romanis
953 1781 1049 1863 capto
1088 1799 1161 1844 cum

95 1878 127 1928 15
145 1868 339 1953 parentibus.
351 1868 417 1934 suis
431 1869 567 1935 Tarsum
582 1866 714 1935 Ciliciae
732 1868 967 1954 commigravit
997 1866 1029 1931 A
1042 1867 1161 1953 quibus

146 1957 187 2022 ob
207 1957 314 2023 studia
328 1957 411 2044 legia
430 1959 548 2024 missus
568 1957 827 2041 Hierosolymam
845 1978 865 2021 a
884 1955 1071 2040 Gamaliele,
1091 1957 1160 2022 viro

145 2045 348 2130 doctissimo,
375 2047 466 2113 euius
490 2046 594 2112 Lucas
617 2047 777 2128 meminit,
805 2045 949 2110 eruditus
973 2047 1030 2111 est.
1079 2043 1160 2112 Cum

146 2137 255 2200 autem
269 2134 470 2200 interfuisset
488 2136 559 2201 neci
578 2136 732 2220 martyris
752 2132 910 2220 Stephani
933 2137 966 2198 et
979 2133 1123 2219 acceptis
1141 2157 1159 2199 a

146 2223 299 2308 pontifice
309 2223 423 2308 templi
437 2225 585 2310 epistulis
597 2225 638 2291 ad
647 2223 885 2311 persequendos
895 2244 951 2289 eos
962 2222 1017 2306 qui
1028 2220 1159 2289 Christo

94 2321 128 2370 20
146 2312 350 2379 crediderant
367 2311 565 2379 Damascum
582 2317 741 2399 pergeret,
755 2312 951 2378 revelatione
971 2313 1159 2395 compulsus

148 2401 188 2466 ad
201 2401 298 2467 fidem
308 2422 389 2486 quae
403 2401 438 2466 in
452 2404 534 2468 actis
548 2403 768 2486 apostolorum
784 2400 943 2484 scribitur,
957 2400 992 2464 in
1006 2422 1065 2465 vas
1079 2401 1159 2468 elec

146 2490 246 2556 tionis
265 2491 305 2555 de
327 2495 532 2575 persecutore
552 2493 732 2557 translatus
755 2495 815 2556 est.
851 2487 996 2574 Cumque
1018 2489 1159 2573 primum

147 2579 188 2645 ad
201 2579 472 2665 praedicationem
491 2580 560 2646 eius
575 2579 706 2667 Sergius
721 2580 848 2666 Paulus,
864 2577 1038 2663 proconsul
1051 2575 1160 2664 Cypri,

12 2708 14 2712 -
116 2666 122 2680 '
147 2668 348 2752 credidisset,
376 2670 416 2735 ab
441 2691 494 2754 eo,
522 2670 608 2755 quod
631 2690 704 2734 eum
728 2667 851 2734 Christi
872 2666 947 2731 fidei
971 2664 1161 2752 subiecerat,

95 2766 129 2815 25
148 2758 281 2824 sortitos
294 2761 343 2822 est
352 2780 471 2824 nomen
486 2761 519 2825 et
528 2760 643 2843 juncto
658 2758 722 2824 sibi
736 2756 890 2821 Bernaba
899 2754 1010 2821 multis
1024 2755 1160 2822 urbibus

146 2847 327 2932 peragratis
353 2853 517 2914 revertens
535 2846 796 2931 Hierosolymam
820 2867 840 2910 a
858 2844 965 2925 Petro,
988 2843 1109 2911 Iacobo
1128 2848 1161 2910 et

147 2933 292 3002 Iohanne
325 2938 471 3021 gentium
503 2936 668 3021 apostolus
705 2935 882 3000 ordinatur.
935 2931 981 2997 Et
1012 2933 1090 3018 quia
1128 2934 1162 2999 iu

149 3025 229 3090 aetia
263 3026 482 3108 apostolorum
521 3024 706 3109 plenissime
739 3022 778 3088 de
811 3022 880 3087 eius
912 3022 1159 3088 conversatione

149 3115 382 3198 scriptumest,
404 3114 464 3180 hoc
487 3117 616 3179 tantum
635 3113 749 3197 dicam,
772 3109 859 3198 quod
881 3114 957 3196 post
973 3110 1161 3195 passionem

220 3277 236 3325 6
250 3271 361 3355 bamba
376 3288 494 3342 paruam
507 3287 606 3354 uuam3
621 3269 760 3343 Norimb.:
775 3283 860 3392 unafir
873 3282 999 3392 patriar}ff
1032 3270 1048 3320 8
1064 3266 1162 3392 {amb

149 3341 384 3483 elisseae
398 3359 432 3398 Μ
445 3343 574 3469 sarr,
592 3339 1164 3496 ssdrbsrrmrasirmes

149 3483 346 3628 ἒῖἷίξξέἕέἳ“ἡ
371 3479 1047 3619 20²ttfflsllsmbslttutbhse
1063 3484 1100 3534 ²⁴²
1113 3479 1162 3536 ²¹³
