2400 3878
548 282 774 347 ..34-

531 445 613 537 Cap.
645 443 795 516 XLIII.

243 584 453 669 Theophilus,
464 581 640 649 Caesareae
649 581 862 660 Palaestinae,
876 602 959 667 quaa
968 581 1050 648 olim
1058 579 1164 646 Turris

154 670 317 738 Stratonis
341 672 525 756 vocabatur,
543 673 723 757 episcopus,
742 671 802 737 sub
818 669 937 737 Severo
950 670 1100 756 principe
1117 667 1162 734 ad·

155 783 285 828 versum
299 783 364 845 eos,
383 761 438 844 qui
451 765 567 845 quarta
581 759 707 827 decima
719 761 799 826 luna
819 781 892 826 cum
906 757 1037 825 Iudaeis
1051 756 1164 845 pascha

101 869 118 918 s
155 850 330 933 faciebant,
362 872 434 916 oum
466 850 581 914 ceteris
609 849 769 934 episcopis
798 847 987 936 synodicam
1014 850 1049 913 et
1079 845 1163 914 valde

155 939 269 1003 utilem
292 939 474 1023 composuit
496 937 680 1023 epistulam.

535 1117 617 1209 Cap.
648 1116 788 1190 XLIV.

243 1255 440 1342 Bacchylus,
458 1251 607 1321 Corinthi
630 1256 811 1340 episcopus,
834 1255 895 1321 sub
918 1253 1033 1321 eodem
1052 1252 1162 1320 Severo

154 1345 299 1430 principe
321 1345 426 1410 clarus
449 1343 580 1409 habitus
604 1347 668 1425 est,
697 1348 731 1410 et
753 1344 793 1409 de
815 1343 938 1429 pascha
960 1364 999 1408 ex
1022 1341 1162 1409 omnium

104 1453 135 1503 to
154 1434 210 1520 qui
237 1434 272 1498 iu
294 1432 420 1499 Achaia
442 1437 535 1496 eraut
561 1433 787 1517 episcoporum
813 1453 954 1517 persona
989 1431 1163 1518 elegantem

155 1523 275 1588 librum
299 1522 436 1606 scripsit

546 1631 629 1723 Cap.
660 1630 778 1703 XLV.

245 1769 447 1855 Polycrates,
479 1767 696 1872 Ephesiorum
732 1769 914 1854 episcopus,
951 1789 1024 1835 cum
1058 1765 1166 1833 ceteris

155 1859 318 2014 titt?
340 1856 1167 2014 tittritilttltttttt‘tattt

48 2109 54 2120 ¹
102 1964 136 2016 ¹⁶
155 2036 303 2118 brabant,
313 1970 457 2138 ‚iempsit
475 2034 628 2138 adsersus
647 2033 822 2138 Victorem,
845 1969 1033 2120 episcolpum
1053 2033 1166 2132 Romaj

155 2120 1167 2296 {stititttetltttitttttttttttttt

155 2323 258 2385 pauca
277 2301 510 2386 excerpsimus:
529 2299 601 2367 ‘nos
619 2302 720 2386 igitur
737 2235 957 2367 inviolihilhm
972 2299 1168 2365 celebramus

103 2409 138 2460 tu
158 2389 244 2455 diem
266 2410 326 2455 nec
353 2388 507 2455 addentes
534 2389 656 2474 aliquid
678 2411 738 2456 nec
765 2389 939 2455 dementes.
983 2387 1117 2454 Etenim
1138 2387 1170 2451 in

156 2478 240 2543 Asia
262 2479 423 2544 elementa
444 2477 587 2544 maxima
609 2478 817 2561 dormierunt,
840 2499 923 2563 quae
943 2481 1116 2561 resurgent
1136 2476 1170 2540 in

156 2566 208 2633 die
229 2565 370 2645 Domini,
388 2566 516 2652 quando
530 2568 686 2632 venturus
703 2569 755 2631 est
772 2566 812 2632 de
830 2565 929 2632 caelis
947 2565 982 2630 in
1000 2565 1169 2630 maiestate

156 2677 216 2721 sua
243 2659 277 2721 et
304 2654 516 2720 suscitaturus
539 2676 651 2720 omnes
674 2658 819 2738 sanctos,
846 2652 1033 2738 Philippum
1054 2653 1171 2740 loquor

157 2743 197 2809 de
216 2742 384 2810 duodecim
407 2743 574 2829 apostolis,
596 2743 653 2829 qui
671 2743 825 2809 dormivit
842 2741 1023 2827 Hierapoli,
1040 2744 1074 2807 et
1091 2741 1170 2807 duas

103 2851 138 2903 as
156 2833 242 2939 filias
260 2832 435 2935 eius,quae
448 2830 590 2918 virgines
609 2835 795 2934 senuerunt,
811 2835 845 2898 et
863 2831 961 2897 aliam
979 2830 1048 2933 eius
1061 2829 1171 2911 filiam,

156 2923 400 3093 tetulit,
413 2915 1172 3095 tti⁰at¹t¹¹⁸pe¹ts³⁹i⁰0¹utilitia&

156 3098 302 3184 pontifex
327 3098 396 3165 aius
418 3098 482 3164 fuit
504 3119 636 3164 auream
657 3097 814 3165 laminam
835 3097 870 3162 in
893 3095 1004 3163 fronte
1026 3101 1172 3181 portans,

157 3192 282 3274 martyr
300 3191 334 3254 et
355 3187 533 3272 doctor,'in
550 3184 683 3271 Epheso
704 3186 866 3253 dormivit.
899 3183 947 3250 Et
963 3183 1173 3268 Polycarpus,

103 3300 139 3352 ao
158 3277 330 3362 episcopus
367 3279 401 3342 et
432 3279 571 3360 martyr,
607 3273 766 3360 Smyrnae
797 3272 957 3340 occubuit.
1010 3271 1173 3339 Thraseae

156 3387 297 3451 quoque,
326 3365 496 3450 episcopus
524 3367 557 3430 et
579 3367 716 3448 martyr,
738 3361 777 3428 de
800 3360 973 3446 Eumenia,
999 3359 1035 3426 in
1059 3359 1172 3426 eadem

228 3543 263 3595 tt
279 3537 367 3609 Μ’,
377 3555 460 3610 quem
470 3537 557 3594 habet
567 3533 707 3608 etBamb,
717 3536 835 3593 deestis
849 3535 885 3592 al.
915 3535 993 3593 Vats
1007 3534 1172 3592 lamminam
