2400 3878
540 255 756 321 ..73-

142 398 323 480 stuporem,
349 394 444 460 nobis
473 395 732 480 desperationem
760 399 931 464 incutiens.
981 399 1152 466 Tertullia·
1188 410 1190 559 Ι

140 505 218 548 num
246 488 279 549 et
300 482 507 550 uacantium
535 489 568 549 et
590 484 727 570 Papiam
754 490 902 553 auctores
932 492 1066 554 secutus
1089 511 1149 554 mo

140 572 241 637 ralem
264 593 342 637 sane
369 571 550 638 doctrinam
577 578 610 638 et
631 573 770 639 maxime
792 575 996 642 voluntariae
1018 598 1148 662 pauper-

140 661 217 726 tatis
241 681 384 727 amorem
406 665 597 745 prosecutus
620 662 824 729 studentibus
846 663 1032 730 inculcavit.

104 886 121 935 e
540 857 622 952 Cup.
654 859 760 933 XVI.

229 995 405 1062 Faustinus
427 997 597 1082 presbyter
619 998 750 1083 scripsit
772 998 813 1064 ad
830 1019 1004 1084 personam
1017 1000 1147 1068 Flaccil·
1188 1016 1190 1073 l

139 1085 190 1149 lae
208 1087 340 1170 reginae
360 1085 540 1152 ‘adversum
553 1086 695 1153 Arianos
718 1091 751 1152 et
764 1086 1030 1154 Macedoniunos'
1053 1090 1148 1156 libros

141 1175 277 1258 septem,
304 1173 356 1239 his
381 1195 435 1240 eos
459 1176 598 1240 maxime
622 1176 856 1260 seripturarum
879 1177 1080 1243 testimoniis
1104 1201 1149 1244 ar·

140 1282 243 1346 guone
266 1267 299 1328 et
321 1263 528 1348 convincens,
557 1263 673 1348 quibus
699 1264 748 1329 illi
771 1286 871 1349 pravo
895 1285 992 1331 sensu
1014 1269 1148 1332 utuntur

88 1364 121 1413 10
139 1349 180 1414 ad
212 1350 457 1436 blasphemiam.
507 1351 642 1436 Scripsit
674 1357 706 1418 et
737 1352 856 1418 librum
884 1375 981 1438 quem
1005 1353 1148 1422 Valenti·

138 1439 252 1522 niano,
282 1439 465 1505 Theodosio
492 1445 526 1505 et
552 1441 694 1506 Arcadio
723 1441 972 1526 imperatoribus
1005 1465 1067 1529 pro
1100 1444 1149 1509 de·

138 1526 286 1593 tensione
313 1550 443 1594 suorum
471 1549 545 1593 cum
572 1527 761 1596 Marcellino
790 1531 931 1615 quodam
957 1533 1150 1616 presbytero

139 1615 268 1701 obtulit,
281 1637 321 1681 ex
334 1639 398 1702 quo
412 1617 593 1682 ostenditur
607 1617 809 1684 Luciferieno
824 1618 995 1685 schismati
1015 1641 1150 1686 consen·

139 1703 233 1789 sisse,
256 1705 332 1789 quia
353 1704 515 1771 Hilarium
533 1705 770 1772 Pistoriensem
793 1712 827 1772 et
844 1707 1037 1791 Damasum,
1061 1710 1150 1774 urbis

86 1804 118 1854 rs
137 1792 260 1858 Romae
287 1793 464 1879 episcopos,
487 1795 522 1858 in
545 1795 657 1860 eodem
687 1794 770 1859 libro
793 1797 917 1881 culpat,
944 1798 1038 1880 quasi
1066 1798 1150 1864 male

138 1882 360 1948 consuluerint
382 1883 550 1967 ecclesiae,
574 1883 661 1968 quod
683 1884 955 1968 praevaricatores
979 1885 1149 1971 episcopos

137 1970 171 2033 in
199 1972 456 2037 communionem
489 1975 522 2036 et
554 1972 768 2047 sacerdotium
795 1975 884 2057 pacis
911 1974 1149 2057 recuperandas

138 2060 244 2142 gratia
266 2061 475 2145 recepissent3
498 2061 583 2144 quod
605 2060 818 2127 Luciferianis
841 2063 889 2127 ita
912 2061 1079 2145 displicuit
1101 2085 1148 2127 re·

137 2146 244 2230 cipere
272 2149 452 2233 episcopos,
485 2150 540 2234 qui
562 2148 596 2213 in
624 2147 824 2215 Ariminensi
852 2150 987 2216 concilio
1019 2150 1148 2217 Arianis

84 2249 118 2302 20
137 2237 467 2320 communicaverant,
485 2239 522 2301 ut
535 2234 730 2302 Novatianis
750 2241 917 2323 apostatas
935 2239 1149 2321 paenitentes.

519 2436 601 2528 Cap.
632 2435 761 2510 XVII.

225 2572 375 2658 Rufinus,
412 2571 630 2658 Aquileiensis
672 2573 825 2640 ecclesiae
861 2574 1045 2659 presbyter,
1080 2596 1147 2640 non

135 2660 269 2726 minima
291 2683 366 2746 pars
385 2662 553 2728 doctorum
572 2663 733 2746 ecclesiae,
756 2661 841 2726 etin
858 2662 1084 2728 transferendo
1108 2663 1147 2728 de

135 2769 250 2834 graeco
277 2750 312 2814 in
338 2749 477 2815 latinum
504 2751 636 2836 elegans
658 2751 827 2836 ingenium
849 2749 977 2834 habuit3
1008 2750 1146 2837 denique

83 2853 116 2901 ‘rs
135 2838 309 2902 maximam
338 2842 463 2922 partem
486 2836 682 2904 Graecorum
709 2838 924 2904 bibliothecae
946 2837 1072 2904 Latinis
1096 2862 1147 2906 ex·

133 2925 250 3012 hibuit,
263 2924 379 2992 Basilii
393 2928 517 2992 scilicet
527 2925 745 2992 Caesariensis
756 2925 979 3012 Cappadociae
993 2928 1146 3012 episcopi,

134 3013 282 3100 Gregorii
299 3013 503 3099 Nazianzeni,
526 3014 783 3100 eloquentissimi
800 3015 950 3096 hominis,
966 3011 1145 3082 Clementis

133 3100 273 3169 Romani
306 3102 586 3189 ‘recognitionum'
619 3102 734 3183 libros,
761 3102 897 3168 Eusebii
925 3101 1144 3170 Caesariensis

204 3301 221 3349 4
240 3294 349 3350 Bamb.:
369 3294 476 3364 optime
493 3299 658 3366 prosecutus
749 3301 782 3350 12
801 3295 913 3352 Bamb.:
932 3293 1068 3352 Marcello

132 3365 196 3421 Vat.
216 3368 246 3420 et
263 3365 356 3420 Berua
375 3365 516 3434 quondam
591 3371 624 3422 1³
642 3367 737 3421 Bern:
756 3366 881 3424 ostendit
944 3371 979 3420 14
996 3365 1097 3422 Bamb.
1116 3367 1145 3422 ot

132 3434 226 3491 Berm:
247 3436 296 3506 qui
386 3442 421 3492 20
438 3437 518 3492 Vatr
538 3453 596 3507 quc
614 3434 768 3492 Novatiani
786 3434 938 3509 apostatir3
955 3435 1069 3493 Bamb.:
1088 3451 1144 3508 quo

132 3505 306 3562 Novatianos
325 3508 480 3577 apostatam
499 3506 595 3563 Bern:
615 3507 747 3578 quoniam
767 3551 773 3562 .
793 3551 827 3566 ..
