2430 3944
459 269 496 280 ..
547 234 589 298 63
639 271 675 279 -

431 411 513 505 cop.
545 412 706 486 cxxu

13 613 17 616 Α
53 580 56 584 ·
149 548 378 634 Latroniauns,
399 551 584 638 provinciae
606 549 795 637 Hispaniae,
817 551 866 617 vir
888 551 981 617 valde
1004 575 1074 619 eru·

58 639 150 705 ditus
185 642 219 706 ct
254 639 289 704 in
323 640 458 706 metrico
495 661 592 725 opere
630 639 792 706 vetenbus
828 640 1074 726 comparandus,

56 749 174 796 caesus
192 730 244 794 est
255 729 290 793 et
302 727 372 813 ipse
386 727 534 795 Treveris
547 749 620 795 cum
633 727 849 814 Priscilliano,
866 727 1074 812 Felicissimo,

55 817 186 885 Iuliano
222 821 256 883 et
286 816 477 903 Euchrotia,
514 817 659 884 eiusdem
694 817 846 885 factionis
878 819 1108 886 auctoribuss

55 904 201 972 Exstant
223 905 292 972 eius
315 927 413 992 opera
436 907 569 972 diversis
593 905 705 972 metris
728 905 822 972 edita.

416 1141 498 1235 ca.
531 1140 716 1214 oxxuz.

66 1351 69 1356 ,
147 1277 342 1346 Tiberianus
364 1278 516 1346 Baeticus
540 1280 671 1364 scripsit
697 1300 756 1366 pro
780 1275 980 1364 suspicione,
1009 1301 1074 1365 qua

56 1389 133 1434 cnm
155 1366 359 1435 Priscilliano
388 1368 602 1436 accusabatur
622 1367 787 1453 hereseos,
810 1366 1073 1453 ‘apologeticum'

55 1457 200 1522 tumenti
237 1456 480 1545 compositoque
519 1479 677 1524 sermone.
731 1455 794 1523 Sed
829 1461 905 1541 post
942 1479 1073 1524 suorum
1095 1474 1127 1522 10
1171 1523 1174 1529 ,

55 1545 188 1612 caedem
222 1546 331 1612 taedio
364 1546 470 1613 vietus
504 1547 605 1632 exilii,
637 1546 776 1612 mutavit
806 1546 1012 1631 propositum
1040 1551 1075 1613 et

58 1634 149 1700 iuxta
172 1637 320 1702 sanctam
339 1635 532 1721 scripturam
556 1634 659 1702 ‘canis
681 1633 828 1701 reversus
852 1634 893 1699 ad
917 1635 1074 1702 vomitum

57 1723 164 1789 suum’
187 1723 304 1809 filiam,
331 1725 482 1791 devotm
505 1723 635 1791 Christo
663 1723 839 1810 virginem,
865 1723 1073 1790 matrimonio

58 1813 231 1899 copulavit
889 1843 892 1852 ¹

10 1870 30 1971 >
93 1957 96 1962 ’
420 1976 502 2070 cap.
535 1974 712 2050 oxxru
1093 2005 1124 2052 n,

147 2113 351 2200 Ambrosius,
363 2111 617 2182 Mediolanensis
626 2117 807 2200 episcopus,
821 2136 922 2200 usquc
936 2114 971 2179 in
985 2136 1074 2199 prae·

10 2172 14 2251 l
56 2206 182 2268 sentem
193 2203 277 2268 diem
286 2202 412 2289 scribit3
426 2203 464 2268 de
474 2226 547 2291 quo,
557 2205 795 2292 quiasupcrest,
804 2225 912 2269 meum
920 2202 1074 2269 iudicium

56 2291 261 2376 subtraham,
286 2313 328 2357 ne
350 2293 387 2358 in
410 2293 600 2358 alterutram
627 2296 754 2378 partem
782 2296 840 2359 aut
872 2291 1016 2357 adulatio
1039 2292 1074 2356 in

10 2434 13 2449 .
59 2377 112 2446 mc
135 2380 389 2466 reprebendatur
411 2385 468 2447 aut
489 2382 617 2448 verims.

10 2626 14 2725 f
430 2614 512 2709 Gap.
545 2613 699 2689 CXXV.
1092 2651 1126 2700 20

147 2751 321 2839 Euagrius,
331 2753 525 2820 Antiochiae
538 2753 718 2839 episcopus,
733 2754 816 2820 acris
830 2759 863 2820 ct
876 2755 1074 2838 praestantis

59 2841 192 2928 ingenii,
211 2865 284 2909 cum
301 2842 407 2909 adbuc
426 2846 511 2908 esset
528 2843 708 2928 presbyter,
730 2843 930 2908 diversarum
949 2836 1073 2908 ὑποθέ-

58 2947 158 3014 σεων
172 2934 332 2998 hastatus
353 2931 435 2998 mihi
457 2931 547 3017 legit,
570 2952 652 3017 quos
674 2931 812 2997 necdum
835 2931 949 3015 edidit,
971 2930 1074 2997 vitam

60 3041 187 3106 quoque
211 3020 299 3088 beati
316 3019 454 3087 Antonii
476 3020 516 3085 de
534 3039 651 3105 graeco
669 3019 844 3086 Athanasii
865 3019 901 3085 iu
919 3023 1073 3086 ‘nostrum

57 3129 241 3176 sermonem
263 3109 439 3176 transtulit
1090 3131 1126 3180 aa

10 3314 21 3388 ,
129 3283 247 3340 aVatc
273 3282 369 3340 ordina
476 3282 590 3341 susus
618 3251 768 3354 Engrotia3
790 3282 903 3339 Banu:
926 3281 1071 3348 Eucrotia3

56 3353 197 3414 Ncrimbs
211 3355 347 3432 Eutropia
373 3392 375 3395 v
421 3361 454 3411 lt
468 3354 503 3410 cl.
517 3360 543 3410 2.
558 3355 633 3412 Patr.
651 3361 678 3421 2,
696 3360 731 3410 ἢ
804 3360 837 3410 1³
856 3353 966 3410 Baraba
985 3351 1072 3434 filianr

57 3443 137 3485 suam
160 3481 162 3484 ,
215 3425 326 3484 Bamb:
344 3425 524 3485 matrimonio
541 3425 586 3482 sai
603 3466 610 3480 .
625 3466 654 3482 ..
674 3426 753 3483 Bern.
773 3428 803 3482 et
820 3423 959 3482 nnuma:
978 3425 1072 3479 matru-

57 3497 152 3555 monio
170 3495 226 3554 sibi
245 3541 272 3555 ‚.
346 3503 378 3554 al
393 3496 497 3556 ‘Bamb
517 3499 548 3574 ct
562 3495 710 3557 Nouimbe.
726 3496 869 3554 latrantis
