2400 3878
459 50 690 151 476-

75 226 146 312 ipse
168 224 203 292 in
225 225 277 293 his
300 226 360 310 eit,
383 226 462 293 solis
480 227 714 293 monachorum
732 228 984 316 cognoscibiles,
1009 252 1090 318 quas

76 314 227 383 similiter
248 334 310 401 ego
331 315 367 381 in
389 314 502 381 latinis
526 314 621 381 edidi.

479 496 560 588 Cep.
591 495 683 569 XII.

165 632 368 718 Theodorus,
391 631 615 700 Antiochense
643 633 796 701 eeclesiae
827 636 1009 722 presbyter,
1040 638 1090 705 vir

43 721 215 790 oseientia
244 725 357 788 cautus
389 725 423 788 et
451 723 565 808 lingua
592 720 748 806 disertus,
776 723 907 809 scripsit
934 724 1090 794 adversus

78 811 328 898 Apollinaristas
357 815 390 876 et
416 810 602 877 Anemosos
625 809 676 876 ‘de
698 811 923 879 incarnatione
944 811 1092 881 Domini’

79 900 181 966 libros
209 898 391 985 quindecim
422 897 464 964 ed
492 897 555 964 XV
582 899 673 964 milio
698 920 851 966 ramnum
877 901 1092 986 continentes,

77 989 112 1053 in
140 987 257 1075 quibus
285 987 411 1053 ratione
437 987 613 1071 purissima
639 990 673 1053 et
698 989 893 1055 testimoniis
916 991 1090 1076 scriptura-

77 1098 149 1142 rum
173 1075 317 1142 ostendit
333 1074 510 1142 Dominum
527 1075 642 1142 lesum
665 1076 750 1143 sicut
793 1077 1007 1144 lenitudinem
1027 1079 1091 1146 dei·

25 1181 60 1230 10
77 1165 170 1246 tatis,
196 1165 245 1231 ita
269 1163 504 1248 plenitudinem
532 1164 746 1231 humanitatis
817 1166 936 1232 buisse.
985 1165 1093 1235 Docet

78 1257 112 1318 et
129 1253 295 1320 hominem
313 1251 438 1318 duabus
456 1255 585 1319 tentum
603 1252 797 1320 substantiis
810 1258 968 1340 constare,
981 1255 1018 1321 id
1033 1261 1092 1336 est,

78 1343 189 1408 anima
211 1344 254 1407 et'
267 1361 415 1425 corpore,
429 1361 622 1426 sensumque
646 1345 679 1407 et
696 1342 847 1426 spiritum
864 1363 931 1410 non
953 1345 1092 1411 alteram

78 1430 309 1513 substantiam,
331 1429 387 1494 sed
410 1428 518 1495 officia
540 1452 611 1495 esse
634 1431 763 1496 animae
785 1431 946 1517 ingenita,
968 1433 1090 1519 quibus

77 1520 230 1605 inspirat,
257 1517 376 1604 quibus
403 1518 574 1584 rationalis
598 1522 669 1606 est,
688 1519 807 1604 quibus
834 1520 987 1587 sensibile
1010 1521 1091 1588 facit

25 1621 59 1671 15
77 1629 203 1694 eorpus.
237 1607 395 1685 Quartum
414 1607 574 1672 decimum
593 1610 702 1672 autem
718 1606 815 1674 huius
838 1608 946 1692 operis
969 1609 1091 1677 librum

76 1697 208 1782 proprie
230 1696 270 1761 de
293 1697 436 1761 increata
458 1701 492 1762 et
510 1696 582 1762 sole
599 1696 791 1779 incorporea
808 1695 1002 1784 dominaque
1022 1721 1090 1765 om·

77 1786 168 1851 nium
179 1788 310 1850 sanctae
319 1784 489 1850 'lbinitatis
500 1788 620 1850 natura
631 1788 663 1849 et
674 1783 714 1849 de
730 1788 950 1851 creaturarum
961 1789 1091 1854 ratione

77 1873 239 1940 disserens
257 1876 311 1958 pio
331 1894 427 1938 sensu
444 1894 518 1938 cum
538 1872 730 1939 auctoritate
750 1877 934 1939 sanctorum
953 1875 1090 1961 seriptu-

76 1984 186 2028 rarum
208 1962 372 2046 explicuit.
408 1960 528 2038 Quinto
552 1962 676 2028 decimo
697 1983 775 2028 vero
799 1963 963 2030 volumine
983 1969 1090 2030 totum

25 2063 59 2113 so
78 2052 184 2136 operis
212 2051 263 2117 sui
290 2070 408 2135 eorpus
441 2051 548 2116 citatis
575 2051 673 2117 etism
703 2054 832 2136 patrum
858 2051 1091 2119 traditionibus

77 2138 280 2204 confirmavit
302 2141 335 2204 et
357 2139 575 2204 communivit.

472 2319 554 2410 Gap.
586 2320 701 2392 XIII.

167 2454 374 2540 Prudentius,
391 2457 441 2522 vir
459 2456 616 2523 saeculari
634 2457 819 2524 litteratura
833 2457 987 2542 eruditus,
1006 2480 1091 2526 com·

79 2544 402 2647 posuit-dccccxctoc
428 2545 468 2610 de
494 2548 565 2610 toto
593 2547 694 2612 veteri
721 2550 754 2612 et
780 2569 865 2613 nouo
892 2549 1092 2650 testamento

24 2644 59 2694 ²⁵
77 2630 722 2790 tttttst¹tzltls0i⁰tl³ttb
754 2637 880 2789 tiit
899 2656 1091 2810 isitii

77 2809 298 2877 condicionem
321 2809 462 2877 hominis
486 2814 519 2876 et
539 2811 850 2895 praeuaricationem
873 2812 951 2878 eius.
996 2810 1091 2879 (lom-

148 2989 165 3040 a
184 2984 294 3040 Bambr
312 2984 409 3040 Ietinis
427 2983 506 3052 dedi;
529 2985 625 3040 Berm:
649 2985 746 3042 latinis
763 2986 848 3070 edidi·
921 2992 937 3041 6
957 2989 1003 3057 (ι-
1020 2981 1091 3042 {Iro-

77 3056 188 3125 colone,
198 3055 310 3110 Bemb.:
320 3057 462 3125 onomeos)
499 3060 515 3110 ‘1
529 3055 606 3113 Vct:
621 3055 660 3113 ud
667 3074 764 3112 versus
774 3058 963 3125 continentes,
976 3057 1091 3114 Bambr

76 3126 114 3181 ad
131 3127 184 3183 XV
203 3166 236 3182 ..
311 3131 345 3183 14
357 3125 456 3183 Bamb.
476 3127 505 3181 et
521 3126 811 3210 Bern.:·retionabilis
882 3134 917 3211 34
934 3129 1014 3185 Vatr
1033 3131 1090 3220 tro·

76 3196 475 3395 {disgressurus
488 3197 1094 3340 sc:ressuscitaturus

87 3355 126 3394 a.
168 3357 179 3393 1
221 3342 324 3394 raur“.
