2400 3878
549 95 765 159 ..gpm

69 211 72 215 ἢ
155 235 196 301 ad
224 235 422 320 baptismum
443 234 667 301 instructionis
701 233 844 322 libellos3
875 254 1013 322 quorum
1042 237 1168 321 primus

153 325 306 408 continet,
325 323 476 409 ‘qualiter
489 345 524 390 se
543 323 683 389 debeant
700 326 930 409 competentes,
948 326 1004 410 qui
1023 326 1066 390 ad
1090 326 1165 410 bap-

148 414 237 478 tismi
260 413 399 498 gratiam
421 413 556 497 eupiunt
577 411 758 496 pervenire,
781 411 902 498 agere'3
932 413 1093 479 secundus
1117 415 1166 478 ‘de

150 500 342 587 gentilitatis
366 499 551 585 erroribus',
578 501 701 584 inquo
730 501 852 567 indicat
874 522 933 567 suo
959 522 1064 586 paene
1087 505 1166 568 tem-

114 605 227 674 opore
254 589 431 656 Melodium
458 588 619 674 quendam
649 592 775 673 patrem
802 590 944 655 familias
975 590 1018 655 ob
1050 590 1166 656 libera-

150 678 276 744 litatem
300 681 334 744 et
351 677 528 743 Gadarium
546 678 702 743 rusticum
725 679 767 743 ob
786 678 1008 744 fortitudinem
1032 680 1075 744 ab
1099 680 1165 745 eth-

149 767 232 832 nicis
253 767 340 831 inter
366 765 444 831 deos
466 767 601 853 relatos3
630 766 745 831 tertius
772 768 854 832 liber
881 766 932 832 ‘de
962 767 1023 832 fide
1052 769 1165 834 unicae

149 854 350 939 maiestatis',
371 859 504 940 quartus
524 853 689 920 ‘adversus
707 855 1015 942 genethlialogiam',
1033 857 1165 941 quintus

150 942 201 1007 ‘de
224 943 393 1028 symbolo’,
416 949 525 1011 sextus
544 941 595 1008 ‘de
618 944 696 1028 agni
713 942 875 1028 paschalis
897 943 1056 1029 rictima'3
1080 945 1166 1011 dedit

99 1050 132 1100 ιο
151 1035 184 1096 et
206 1031 259 1097 ‘ad
287 1033 413 1116 lapsam
434 1029 607 1119 virginem'
630 1031 785 1118 libellum,
808 1032 958 1100 omnibus
980 1033 1165 1099 labentibus

151 1121 385 1186 emendationis
408 1121 615 1187 incentivum.

528 1338 610 1428 cap.
641 1337 797 1408 xxm.

238 1473 408 1559 Olympius
438 1475 622 1560 episcopus,
655 1477 788 1541 natione
819 1473 999 1560 Hispanus,
1036 1476 1167 1560 scripsit

149 1564 268 1629 librum
285 1563 361 1628 fidei
374 1562 528 1628 adversus
542 1584 607 1647 eos,
626 1564 681 1649 qui
694 1568 845 1630 naturam
863 1568 897 1630 et
909 1585 977 1629 non
995 1564 1166 1632 arbitrium

100 1670 132 1718 15
151 1654 185 1718 in
204 1654 332 1737 culpam
348 1657 476 1736 uocant,
494 1651 669 1718 ostendens
686 1673 752 1718 uon
771 1653 942 1734 creatione,
961 1653 1018 1719 sed
1036 1652 1173 1720 inoboe-

151 1741 273 1807 dientia
294 1741 453 1807 insertum
475 1743 612 1806 naturas
634 1742 765 1807 malum.

531 1957 613 2048 Gap.
646 1954 792 2030 XXIV.

238 2092 439 2177 Bachiarius,
462 2093 511 2158 vir
529 2092 724 2160 christianae
747 2093 983 2179 philosophiae,
1004 2096 1113 2162 nudus
1136 2099 1166 2162 et

150 2182 316 2266 expeditus
335 2204 449 2247 vacare
468 2181 538 2247 Deo
562 2181 737 2267 disponens
759 2183 856 2249 etiam
872 2183 1165 2269 peregrinationem

98 2291 133 2340 ao
150 2293 210 2355 pro
234 2270 454 2336 conservanda
475 2272 636 2357 propositi
657 2271 844 2356 integritate
868 2272 974 2358 elegit.
1017 2271 1165 2339 Edidisse

128 2358 269 2443 ndicitur
290 2362 385 2474 grata
408 2360 577 2445 opuscula,
600 2360 656 2425 sed
679 2381 740 2446 ego
763 2361 803 2426 de
825 2361 890 2426 illia
913 2382 1014 2426 nuum
1037 2363 1164 2427 tantum

151 2446 203 2513 ‘de
232 2446 293 2512 fide
327 2447 447 2513 librum
469 2448 548 2535 legi,
570 2448 606 2514 in
629 2471 693 2534 qno
722 2449 884 2516 satisfacit
909 2448 1056 2535 pontifici
1078 2449 1165 2516 urbis

152 2536 305 2603 adversus
327 2537 476 2621 querulos
505 2541 537 2602 et
558 2537 769 2614 infamatores
792 2539 1063 2624 peregrinationis
1091 2559 1164 2605 suae

153 2628 186 2691 et
208 2623 330 2690 indicat
347 2647 382 2691 ee
399 2647 467 2692 non
484 2626 602 2691 timore
619 2627 797 2712 hominum,
820 2628 876 2693 sed
897 2625 961 2692 Dei
982 2628 1166 2715 peregrina·

100 2714 275 2782 astionem
304 2714 494 2799 suscepisse,
522 2718 559 2779 ut
585 2715 696 2781 exiens
724 2716 763 2780 de
791 2719 880 2782 terra
907 2720 940 2781 et
971 2717 1165 2802 cognatione

154 2824 213 2867 sua
235 2801 367 2867 coheres
388 2803 481 2868 fieret
504 2801 657 2870 Abrahae
679 2804 892 2891 patriarchae.

223 3000 238 3048 1
254 2994 333 3050 Vat:
348 2993 378 3051 iu
392 3011 510 3066 quorum
523 2994 614 3066 primo
628 2995 767 3061 continet;
780 2995 894 3052 Rama:
907 2995 936 3050 iu
949 2995 1050 3066 quibus
1080 2995 1165 3053 rimus

152 3065 278 3122 continet
375 3064 522 3121 4Bamb.=
547 3066 616 3122 dicit
705 3067 818 3122 suat:
840 3065 1029 3136 Meligidium3
1077 3067 1166 3125 amb.:

150 3135 335 3192 Malchidinm
405 3136 483 3192 Vnt:
498 3137 659 3194 libertatem
731 3139 839 3193 cvm:
855 3136 998 3193 Garatium
1072 3138 1165 3194 suae.

152 3209 181 3261 et
197 3206 310 3264 Bamb.:
328 3207 524 3278 genealogiam
598 3215 631 3264 18
648 3207 762 3264 Bamb.:
779 3209 824 3264 vir
841 3208 1038 3279 philosophiae
1056 3209 1166 3266 deditus

151 3283 186 3332 20
204 3275 303 3332 Bamb.
323 3279 353 3333 et
369 3277 507 3334 Norint:
526 3281 643 3350 propter
750 3285 784 3335 22
802 3278 941 3335 Norint:
960 3279 1089 3336 libellum

151 3352 187 3402 24
205 3347 302 3403 Bamb.
321 3349 351 3402 et
368 3348 505 3405 Norint:
525 3350 570 3407 dei
590 3367 674 3407 cauea
