2400 3878
537 83 756 147 ...72-

143 225 270 309 doctus,
297 223 355 289 sed
378 223 507 289 vivente
528 221 687 308 magistro
711 224 815 289 clarus
837 223 873 289 in
897 203 1087 290 doctoribus
1110 247 1155 291 ec·

143 315 258 380 clesiae
281 311 345 378 fuit
371 315 406 377 et
432 310 571 377 maxime
594 331 633 376 ex
655 313 802 397 ternpore
823 312 1033 378 declamator.
1077 312 1156 378 Post

143 402 230 467 illius
254 405 363 467 eutem
386 399 512 468 obitum
534 419 645 466 amore
663 399 823 485 primatus
847 403 880 466 et
901 401 1047 467 nominis
1065 423 1154 486 sepa-

143 512 220 556 rans
239 512 273 555 se
292 489 334 555 ab
352 488 489 555 ecclesia
507 487 641 574 scripsit
658 489 821 556 contraria
838 489 941 554 multa
959 489 1045 554 fidei.
1073 489 1154 555 Huic

108 579 293 647 §obiturus
327 577 441 644 beatus
468 573 613 663 Ephrem
642 577 766 643 ostenti
797 576 860 642 sibi
893 577 1015 643 dixisse
1042 578 1155 643 fertur:

145 666 253 750 ‘Vide
276 664 438 750 Paulona,
466 687 508 731 ne
534 667 568 732 te
591 665 777 732 summittes
800 665 1056 751 cogitationibus
1078 666 1154 748 tuis3

144 756 200 822 sed
223 777 296 820 curn
319 757 353 820 te
373 753 414 820 ud
431 776 549 839 purum
567 753 848 840 comprehendisse
864 754 1029 839 putaveris
1043 754 1155 837 Deum,

143 845 235 910 crede
267 846 300 908 te
326 863 387 909 nec
413 841 634 908 intellexisse’.
682 841 912 910 Praesenserat
938 843 1025 908 enim
1053 842 1151 922 illum,

144 955 182 998 cx
206 932 321 997 studiis
343 931 396 996 rel
414 931 616 998 sermonibus
635 930 717 1016 eius,
738 953 824 997 nova
839 931 1038 1014 investigere
1068 934 1102 996 et
1122 930 1151 996 iu

108 1022 339 1086 roimmensum
375 1020 579 1086 intellectum
613 1019 760 1104 tendere,
790 1018 875 1085 unde
907 1023 940 1084 et
972 1019 1152 1104 frequenter

145 1130 218 1178 euru
240 1107 450 1174 Berdesenen
472 1108 636 1174 novellum
659 1108 808 1174 vocabat

564 1289 646 1380 Oop.
674 1288 743 1360 IV.

214 1425 384 1491 ·Vitellius
411 1424 493 1490 Afer
524 1424 772 1492 Donatistarum
807 1425 949 1493 schisma
980 1427 1153 1492 defendens

79 1526 83 1535 ’
147 1516 279 1600 scripsit
302 1514 352 1579 ‘de
375 1536 413 1579 eo
437 1513 522 1598 quod
546 1514 620 1580 odio
644 1514 711 1581 sint
738 1515 857 1581 mundo
880 1513 943 1580 Dei
966 1514 1074 1580 serri’.
1118 1515 1154 1580 Iu

98 1621 128 1668 15
148 1626 212 1688 quo
236 1603 264 1668 si
287 1601 442 1669 tacuisset
459 1603 499 1667 de
516 1605 629 1669 nostro
647 1602 737 1670 velut
778 1607 997 1669 ersecutorum
1016 1605 1158 1686 nomine,

147 1693 310 1778 egregiam
342 1691 523 1758 doctrinam
555 1689 707 1757 ediderat.
754 1626 894 1776 ioripsit
922 1695 956 1757 et
984 1691 1156 1757 ‘adversus
1189 1774 1193 1777 ,

145 1779 271 1866 gentes’
305 1784 339 1845 et
371 1778 523 1846 adversus
556 1801 634 1866 nos,
665 1781 753 1846 velut
784 1779 958 1846 traditores
989 1780 1024 1844 iu
1051 1802 1156 1865 persc-

145 1868 274 1936 cutione
304 1869 487 1933 divinarum
515 1869 763 1951 seripturarum,
786 1872 819 1933 et
847 1867 899 1933 ‘ad
931 1869 1079 1953 regulam
1110 1890 1157 1934 ec·

147 1955 371 2024 clesiasticam’
403 1956 600 2040 pertinentia
628 1956 730 2024 multa
753 1957 914 2023 disseruit.
951 1955 1077 2023 Olaruit
1100 1957 1156 2022 sub

94 2063 128 2111 20
147 2045 340 2128 Constante,
363 2045 428 2110 filio
444 2042 651 2110 Constantini
674 2045 838 2131 principis.

584 2207 664 2299 Cap.
688 2206 726 2279 V.

235 2344 420 2411 Macrobius
449 2345 633 2430 presbyter,
662 2345 802 2430 etipse,
829 2347 867 2411 ut
894 2344 1023 2430 scriptis
1047 2345 1156 2430 Opteti

147 2433 298 2519 cognovi,
320 2432 583 2500 Donatienorum
605 2436 720 2519 postea
742 2434 777 2498 in
796 2433 875 2498 urbe
890 2433 996 2500 Rome
1015 2435 1157 2499 occultus

149 2524 318 2607 episcopus
346 2521 418 2587 fuit
464 2519 615 2607 Scripsit,
643 2542 715 2587 oum
743 2521 847 2588 adhuc
877 2523 912 2606 in
940 2523 1076 2588 ccclesia
1098 2521 1158 2586 Dei

91 2621 127 2675 'rc
151 2611 321 2695 presbyter
349 2613 449 2695 esset,
477 2608 537 2676 ‘ad
563 2608 764 2676 confessores
792 2616 826 2676 et
853 2609 1012 2696 virgines'
1040 2612 1157 2677 librum

149 2699 279 2765 moretis
310 2699 439 2782 quidem
476 2699 531 2764 sed
568 2697 662 2764 valde
694 2700 895 2766 necessariae
929 2699 1094 2765 doctrinae
1128 2701 1159 2763 et

158 2788 319 2871 craecipue
342 2787 383 2851 ed
405 2787 583 2853 custodium
602 2786 762 2853 castitatis
782 2787 959 2871 aptissimis
979 2788 1072 2853 valde
1091 2808 1158 2853 seu·

164 2876 259 2942 entiis
284 2874 524 2941 communitum.

221 3056 233 3103 1
255 3049 353 3103 Bamb.
374 3051 403 3103 et
421 3050 516 3106 Bor-u:
535 3048 732 3105 ecclesiasticis
811 3055 827 3103 2
846 3048 956 3105 Bamb.:
975 3048 1035 3104 eius
1052 3052 1160 3120 tempo

148 3121 186 3174 ris
255 3119 400 3175 cBarnb.:
420 3118 579 3175 committas
662 3118 807 3174 7Bemb.:
826 3137 927 3189 parurn
1012 3119 1159 3175 8Bamb.=

148 3189 260 3245 credere
360 3190 491 3248 9Bemb.
511 3194 541 3247 et
557 3191 653 3246 Bern:
673 3193 703 3245 et
720 3190 886 3246 immensum
905 3231 912 3246 .
933 3232 939 3244 .
957 3193 1054 3246 tenere

149 3268 182 3318 13
197 3261 308 3314 Bamb.:
327 3257 550 3322 Donatianorum
586 3266 621 3315 22
636 3260 747 3318 Bamb.:
761 3263 794 3316 ut
808 3277 841 3317 ex
855 3261 961 3331 scripto
997 3267 1031 3316 2⁷
1046 3260 1159 3316 Bamb.:

148 3331 359 3386 custodiendam
378 3330 540 3388 castitatem
612 3338 646 3388 28
664 3333 762 3388 Bamb.
781 3333 811 3388 et
827 3330 922 3388 Berua
942 3331 1103 3388 ordinatum
