2400 3878
531 307 566 316 ..-
616 271 659 335 20
711 307 743 315 ,

133 413 289 498 abutitur;
314 419 345 478 et
364 413 497 479 omnino
516 411 648 500 grandis
672 412 706 477 in
725 416 862 498 utraque
880 411 1059 478 similitudo
1083 417 1144 478 est.

132 502 248 568 Fertur
267 509 299 566 et
317 501 457 569 secunda
475 523 515 567 ex
533 502 601 567 eius
624 501 757 567 nomine
771 501 924 586 epistula,
944 521 1027 586 quae
1050 523 1071 566 a
1093 523 1144 566 ve·

131 591 255 658 teribus
288 591 493 675 reprobatur,
526 594 559 656 et
590 591 767 674 disputatio
798 588 888 654 Petri
919 592 953 654 et
984 590 1146 674 Appiouis

132 681 230 766 longo
259 700 405 746 sermone
433 680 632 764 conscripta,
665 701 762 765 quam
785 677 947 744 Eusebius
979 679 1014 742 iu
1047 680 1143 745 tertio

98 769 369 836 aecclesiasticae
391 767 546 834 historiae
568 769 732 834 volumine
747 768 902 854 coarguit
934 765 1026 832 Obiit
1047 768 1144 834 tertio

133 857 264 924 'lhaiaui
287 879 386 941 anno,
410 862 442 922 et
463 859 606 924 nominis
630 858 699 922 eius
720 858 908 925 memoriam
928 873 1031 941 usque
1050 856 1145 923 hodie

132 947 256 1013 Romae
279 951 443 1013 exstructa
465 948 600 1013 ecclesia
623 947 775 1013 custodit.

536 1129 617 1220 Cap.
649 1129 755 1200 XVI.

222 1267 383 1350 ignatius,
412 1265 635 1332 Antiochense
663 1267 816 1333 eeclesiae
844 1269 959 1333 tertius
988 1272 1065 1350 post
1089 1268 1142 1333 Pe-

83 1375 115 1424 ιο
134 1362 220 1422 trum
240 1355 423 1439 apostolum
446 1358 627 1440 episcopus,
645 1357 901 1440 persecutionem
923 1361 1144 1422 commovente

135 1445 275 1511 Traiano
304 1443 475 1509 damnatus
504 1444 544 1508 ad
572 1444 694 1511 bestias
723 1445 861 1511 Romam
889 1446 1018 1510 vinctus
1045 1447 1145 1511 mitti·

134 1540 196 1600 tur.
241 1531 387 1616 Cumque
410 1533 570 1618 navigans
592 1531 769 1619 Smyrnam
791 1535 947 1615 venisset,
970 1533 1026 1598 ubi
1050 1533 1144 1620 Poly·

135 1644 260 1708 carpus,
284 1621 412 1687 auditor
424 1621 589 1705 Iohannis,
612 1623 783 1707 episcopus
798 1628 880 1707 erat,
899 1622 1030 1706 scripsit
1047 1645 1144 1689 unam

135 1713 307 1796 epistulam
332 1709 373 1776 ad
395 1709 571 1796 Ephesios,
595 1712 731 1777 alteram
756 1713 794 1776 ad
818 1711 1061 1797 Magnesianos,
1084 1718 1145 1777 ter·

83 1802 213 1866 retiam
247 1801 287 1864 ad
314 1800 511 1882 Trallenses,
543 1804 693 1886 quartam
726 1801 766 1866 ad
794 1802 974 1885 Romanae,
1008 1807 1041 1865 et
1072 1802 1145 1867 inde

136 1888 303 1975 egrediens
341 1890 472 1973 scripsit
508 1889 548 1952 ad
585 1889 853 1975 Philadelphinos
890 1896 923 1954 et
959 1891 999 1954 ad
1037 1890 1145 1977 Smyr·

136 2000 234 2043 naeos
271 1983 303 2042 et
334 1978 464 2062 proprie
497 1978 536 2042 ad
569 1976 796 2064 Polycarpum,
834 1980 1062 2046 commendans
1100 1981 1145 2046 illi

136 2065 389 2132 Antiochensem
412 2068 595 2151 ecclesiam,
619 2069 653 2132 in
676 2091 740 2153 qua
763 2072 797 2133 et
815 2069 853 2134 de
869 2070 1047 2154 evangelio,
1062 2070 1145 2156 quod

136 2159 239 2240 nuper
261 2178 280 2220 a
302 2175 353 2219 me
376 2155 573 2222 translatum
596 2162 659 2242 est,
683 2178 779 2242 super
792 2179 931 2242 persona
946 2156 1068 2224 Christi
1091 2182 1145 2244 po·

83 2261 117 2308 aa
135 2245 187 2309 uit
208 2245 432 2309 testimonium
455 2245 578 2310 dicens:
602 2244 674 2332 ‘ego
690 2250 766 2312 vero
783 2252 860 2332 post
878 2247 1146 2315 resurrectionem

135 2333 169 2398 in
194 2352 289 2399 carne
313 2354 387 2397 eum
408 2333 474 2397 vidi
498 2338 532 2399 et
554 2334 657 2418 credo,
676 2335 751 2421 quia
770 2334 837 2422 sit’3
861 2341 895 2401 et
914 2335 1043 2422 quando
1058 2338 1146 2404 venit

136 2421 177 2491 ad
200 2421 332 2486 Petrum
356 2424 390 2485 et
413 2421 453 2485 ad
477 2444 531 2488 eos
556 2425 611 2508 qui
634 2445 706 2489 cum
729 2423 827 2490 Petro
851 2427 957 2509 erant,
982 2425 1064 2491 dixit
1086 2428 1145 2492 eis:

136 2511 220 2576 ‘ecee
242 2510 374 2596 palpate
397 2531 448 2574 me
471 2516 504 2576 et
518 2512 623 2578 videte
646 2535 710 2598 me,
733 2512 900 2598 quianon
925 2535 995 2578 sum
1020 2513 1146 2583 daemo-

135 2600 226 2665 nium
249 2597 472 2684 ineorporale'.
518 2600 563 2665 Rt
585 2601 698 2666 statim
726 2602 906 2688 tetigerunt
928 2623 1002 2668 eum
1026 2609 1060 2668 et
1082 2626 1148 2671 cre·

81 2688 295 2754 abdiderunt.

227 2774 370 2863 Dignum
398 2781 505 2844 autem
533 2776 670 2862 videtur,
700 2778 776 2864 quia
804 2780 889 2845 tanti
920 2779 982 2846 viri
1012 2780 1147 2859 fecimus

139 2866 352 2952 mentionem,
385 2871 419 2931 et
450 2869 488 2932 de
520 2868 660 2952 epistula
691 2868 760 2933 eius
793 2891 889 2953 quam
917 2869 959 2935 ad
980 2869 1148 2938 Romanos

140 2955 269 3039 scripsit
304 2977 408 3040 pauca
439 2977 573 3041 ponere:
606 2956 662 3021 ‘de
690 2953 785 3042 Syria
811 2979 913 3043 usque
945 2956 986 3023 ad
1008 2958 1147 3028 Romam

140 3064 250 3130 pugno
279 3044 319 3110 ad
346 3044 468 3110 bestias
494 3045 529 3111 in
551 3047 634 3116 mari
663 3048 697 3111 et
723 3045 759 3110 in
781 3049 881 3132 terra,
908 3050 1003 3115 nocte
1028 3050 1061 3113 ct
1086 3050 1146 3136 die,

87 3148 120 3197 30
140 3132 259 3219 ligatus
289 3154 363 3199 cum
390 3133 500 3200 decem
521 3134 699 3220 leopardis,
726 3134 788 3201 hoe
812 3139 876 3214 est,
898 3135 1069 3226 militibus,
1093 3137 1148 3226 qui

138 3243 189 3286 me
222 3221 420 3307 custodiunt,
455 3222 571 3309 quibus
604 3227 638 3287 et
670 3245 742 3289 cum
774 3224 986 3312 benefeceris,
1018 3227 1147 3313 peiores

136 3310 228 3376 fiunt.
273 3310 433 3397 Iniquitas
462 3315 572 3378 autem
600 3332 712 3378 eorum
734 3335 807 3379 mea
829 3313 977 3382 doctrina
1000 3319 1064 3401 est,
1093 3315 1147 3383 sed

136 3420 203 3465 non
235 3397 353 3466 idcirco
383 3400 576 3469 iustificatua
607 3422 688 3467 sum.
742 3400 878 3471 Utinam
911 3403 1003 3470 fruar
1033 3405 1147 3472 bestiis

208 3545 241 3595 16
259 3538 398 3597 Nerimb.:
417 3540 454 3596 ad
471 3540 705 3613 Philadelpheuos
